2984 5067
1168 369 1559 452 ...ch-

237 534 618 650 pernlrbatio
635 574 679 649 ,·
721 563 787 628 in
828 562 1049 627 schola
1092 563 1415 649 confusio,
1478 581 1671 647 quum
1715 563 1821 626 alii
1867 563 2031 627 alias
2072 566 2325 647 easque
2349 543 2506 635 'dis-

205 661 584 743 ‘simillimas
625 669 935 731 editiones
977 668 1369 752 possideant,
1414 676 1853 750 consequatur.
1915 665 2005 730 Et
2046 668 2155 751 qui
2191 667 2505 750 antiquis-

237 775 533 837 simorum
573 771 859 836 codicum
903 779 1145 836 textum
1201 772 1622 856 admirantur,
1683 771 1833 834 illud
1878 769 2243 854 expendant
2259 815 2282 856 ,
2342 770 2506 860 haec

128 924 137 933 .
235 877 519 940 subsidia
554 895 676 939 non
721 877 922 938 solum
960 876 1254 939 vitiorum
1295 877 1585 959 expertia
1628 894 1751 938 non
1794 895 1946 938 esse
1959 920 1983 960 ,
2044 894 2268 938 verum
2311 876 2503 938 etiam
2605 940 2630 966 0

234 980 423 1044 certis
454 961 832 1062 quibusdam
861 981 1060 1064 vitiis,
1100 986 1170 1041 ut
1196 981 1546 1043 scribarum
1576 981 1912 1065 erroribus,
1944 981 2279 1042 verborum
2302 980 2504 1041 omis-

232 1085 511 1148 sionibus
555 1093 621 1146 et
672 1083 1264 1165 transpositionibus
1284 1127 1308 1168 ,
1375 1084 1950 1165 interpolationibus
1994 1091 2264 1146 scatere.
2351 1076 2505 1146 Sci-

142 1211 147 1215 ·
229 1179 379 1252 licet
417 1187 722 1270 plera‘que
766 1206 973 1269 eaque
1036 1189 1227 1271 longe
1281 1188 1671 1272 gravissima
1726 1188 1889 1250 vitia
1936 1187 2137 1251 tribus
2184 1187 2294 1249 vel
2338 1203 2536 1267 quam

230 1300 366 1354 tuor
407 1292 626 1374 primis
670 1293 912 1355 seculis
952 1291 1018 1353 in
1060 1292 1149 1353 N.
1183 1291 1258 1352 Τ.
1305 1291 1571 1366 codices,
1605 1293 1946 1374 irrepsisse
1985 1290 2233 1354 ostendi
2247 1298 2503 1374 ‚potest-

154 1413 157 1416 ’
229 1396 445 1478 ltaque
491 1397 549 1458 si
593 1398 1058 1476 diplomaticam
1104 1396 1297 1458 crisin
1340 1395 1634 1459 factitare
1666 1395 1778 1459 tibi
1820 1393 2160 1480 placuerit,
2202 1414 2288 1458 ex
2331 1394 2504 1457 anti-

228 1493 554 1582 quissimis
621 1500 948 1564 codicibus
1004 1503 1245 1561 textum
1308 1498 1711 1561 Elseviriano
1776 1500 1966 1561 multo
2024 1499 2504 1580 inquinatiorem

228 1605 666 1694 concinnabis3
711 1606 813 1666 sin
849 1604 1429 1666 vetustissimorum
1463 1603 1886 1666 subsidiorum
1913 1601 2318 1689 fundamento
2341 1620 2501 1665 usus

226 1711 564 1792 genuinam
607 1711 981 1791 scripturam
1018 1708 1363 1790 judicando
1411 1726 1633 1769 eruere
1663 1715 1873 1770 tecum
1907 1706 2330 1789 constitueris,
2371 1725 2502 1768 non

136 1816 145 1825 ‘
227 1813 434 1876 minus
450 1857 474 1898 ,
530 1833 720 1897 quam
781 1814 841 1875 si
896 1789 977 1875 ab
1021 1812 1431 1896 Elseviriano·
1450 1820 1656 1899 ⁸textu·
1703 1793 2026 1894 profectus
2082 1792 2280 1873 fueris
2299 1854 2322 1897 ,
2381 1809 2504 1872 erit

227 1916 341 1979 tibi
397 1917 824 1980 laborandum.
915 1916 1210 2006 Debebat
1269 1934 1427 1979 vero
1488 1916 1778 1980 Lachm
1800 1893 2088 2000 annus,
2160 1915 2219 1977 si
2282 1914 2500 1995 utique

225 2021 694 2099 diplomaticam
737 2021 929 2083 crisin
971 2020 1035 2109 in
1077 2020 1163 2082 N.
1208 2020 1283 2081 Τ.
1328 2038 1637 2084 exercere
1668 2028 1732 2088 et
1761 2028 2006 2082 textum
2050 2019 2252 2091 seculi
2295 2002 2501 2101 quarti

79 2110 121 2196 J
227 2141 311 2184 ex
357 2124 814 2205 antiquissimis
857 2123 1184 2186 codicibus
1228 2139 1601 2204 componere
1643 2125 1882 2207 voluit,
1949 2126 2152 2205 perite
2196 2125 2260 2185 in
2304 2122 2385 2185 ea
2427 2141 2501 2185 re

226 2226 507 2310 versari,
570 2233 644 2289 ut
705 2243 870 2308 opus
928 2226 1095 2309 quod
1157 2226 1467 2307 prodesse
1534 2245 1658 2288 non
1720 2236 1941 2308 posset
1998 2230 2226 2290 saltem
2266 2230 2501 2292 nemini

224 2331 487 2393 ob'esset
506 2374 528 2412 ,
586 2330 649 2392 h.
706 2349 763 2391 e.
808 2329 1149 2393 manifesta
1191 2330 1542 2393 scribarum
1583 2330 1779 2415 vitia,
1846 2340 2066 2414 aperta
2108 2334 2501 2415 glossemata

222 2443 288 2497 et
332 2433 863 2520 interpolationes,
909 2434 1266 2517 ubicunque
1309 2453 1394 2497 ex
1438 2453 1563 2497 uno
1607 2435 1892 2519 alterove
1934 2436 2220 2499 subsidio
2258 2437 2497 2520 critico,

223 2556 349 2619 quo
389 2548 705 2623 uteretur,
765 2539 994 2623 corrigi
1037 2537 1343 2625 possent,
1403 2537 1747 2601 emendare
1791 2548 1857 2602 et
1896 2549 2193 2604 accurato
2210 2541 2499 2632 *varian-

222 2642 377 2704 tium
418 2643 755 2705 lectionum
798 2643 1008 2706 studio
1053 2642 1312 2711 efficere
1332 2686 1356 2730 ,
1417 2663 1502 2706 ne
1536 2642 1868 2727 ,diversae
1906 2645 2213 2709 lectiones
2258 2655 2500 2708 temere

223 2745 770 2811 confunderentur.
822 2747 1001 2808 Male
1027 2746 1597 2818 Lachmannus
1629 2745 1855 2809 Rich.
1896 2748 2358 2837 Bentlejum
2388 2751 2497 2828 lu?

220 2855 496 2922 storicae
525 2869 579 2913 s.
618 2853 1055 2914 arithmeticae
1072 2869 1244 2913 suae
1279 2852 1465 2914 crisis
1502 2858 1827 2913 auctorem
1867 2852 2037 2915 fecit.
2097 2853 2270 2915 Nam
2305 2855 2526 2940 quum-
2641 2876 2650 2887 ·

218 2953 511 3017 Bentle
517 2953 655 3036 jus
699 2974 776 3016 se
835 2957 900 3016 in
957 2953 1234 3022 editione
1275 2955 1363 3016 N.
1411 2955 1486 3015 Τ.
1531 2972 1771 3038 graeca
1835 2964 1901 3018 et
1948 2957 2141 3019 latina
2183 2976 2267 3019 ex
2312 2957 2495 3021 codi-

219 3059 439 3122 cibus·
446 3059 703 3143 graecis
738 3065 805 3120 et
828 3057 1041 3120 latinis
1072 3056 1241 3117 mille
1277 3075 1578 3119 annorum
1611 3066 1998 3121 vetustatem
2029 3061 2494 3146 superantibus,

206 3152 215 3162 ’
264 3181 414 3225 uum
455 3181 539 3224 ex
581 3161 906 3234 codicibus
948 3160 1161 3222 latinis
1190 3159 1472 3221 ordinem
1515 3161 1850 3223 verborum
1879 3162 1944 3223 in
1984 3164 2240 3245 graecis
2269 3182 2494 3226 emen-

204 3181 431 3348 garet,
498 3284 584 3327 ex
626 3264 885 3349 graecis
930 3270 1142 3325 autem
1161 3306 1186 3347 ,
1250 3263 1358 3345 qui
1401 3246 1547 3326 cum
1588 3264 1801 3328 latinis
1842 3267 2267 3336 consentirent
2306 3267 2494 3329 Lati-

216 3388 438 3433 norum
479 3368 814 3431 lectionem
878 3375 946 3435 et
1004 3366 1296 3455 yicissim
1361 3385 1446 3430 ex
1492 3367 1745 3430 Latinis
1802 3387 2041 3453 graeca
2096 3370 2497 3435 confirmaret

216 3482 409 3557 atque
451 3479 694 3552 textum
736 3473 1000 3534 alterum
1043 3490 1127 3533 ex
1184 3459 1380 3535 altero
1419 3472 1509 3534 ita
1553 3472 1900 3557 corrigeret
1912 3466 1956 3558 ,⁰
1999 3484 2071 3537 ut
2126 3495 2242 3557 per
2283 3477 2498 3539 omnia

214 3579 685 3660 consentirent,
744 3576 952 3657 ipsum
997 3571 1296 3660 origenis
1340 3578 1699 3661 exemplar,
1770 3595 1894 3659 quo
1934 3580 2256 3641 vetustius
2299 3589 2494 3663 atque

212 3683 644 3767 praestantius
683 3681 915 3742 nullum
959 3697 1114 3769 esse
1158 3680 1279 3742 sibi
1321 3682 1792 3768 persuasisset,
1854 3691 2493 3768 repraesentaturum,

111 3768 125 3780 ⁶
215 3784 693 3850 emendationes
741 3792 954 3847 autem
1017 3802 1103 3846 ex
1144 3783 1509 3866 conjectura
1551 3785 1618 3847 in
1668 3784 2152 3867 Prolegomenis
2196 3787 2491 3868 proposi—

215 3898 423 3953 turum
466 3908 620 3952 esse
652 3887 983 3971 professus
1018 3894 1199 3949 esset
1226 3879 1344 3973 θῇ,
1388 3887 1453 3950 in
1492 3895 1741 3970 promtu
1776 3895 1899 3973 est,
1945 3906 2088 3950 eum
2103 3914 2109 3918 ⁴
2125 3907 2249 3951 non
2284 3907 2491 3972 quae-

320 4165 381 4225 ⁴')
413 4163 497 4215 Cr.
535 4167 603 4216 H
621 4152 898 4220 'KAINH
926 4166 1286 4219 ΔΙΑΘΗΚΗ
1314 4176 1495 4231 graoe;
1546 4165 1755 4215 Novum
1791 4167 2184 4218 Testamentum
2229 4169 2492 4221 versionis

424 4254 688 4318 vulgatae
724 4266 818 4314 per
866 4252 1113 4302 Sanctum
1151 4254 1527 4312 Hieronymum
1581 4254 1646 4301 ad
1703 4255 1915 4302 vetusta
1950 4256 2260 4317 exemplaria
2293 4270 2492 4323 graeca

423 4339 714 4405 castigatae
754 4342 807 4388 et
863 4343 1095 4389 exactae.
1166 4339 1458 4399 Utrumque
1515 4353 1580 4388 ex
1633 4339 2000 4399 antiquissimis
2059 4343 2322 4394 codicibus
2355 4346 2488 4396 Mss-

422 4441 536 4475 cum
586 4427 794 4497 graecis
847 4428 958 4476 tum
1002 4426 1177 4477 latinis
1234 4426 1398 4476 edidit
1433 4426 1834 4476 Richardus
1869 4428 2228 4492 BentleJ'us
2264 4432 2486 4494 (1720).
