2984 5067
1107 355 1541 429 ...ξιι-

1192 449 1381 480 0.

67 595 77 602 ,
173 542 289 605 sit.
383 538 716 604 Postremo
739 547 823 602 ·et
866 538 1163 624 Borgia
1178 559 1217 603 e
1271 537 1649 624 fragmentis
1691 534 2043 614 Johanneis
2085 527 2260 623 (Τ.)
2306 554 2466 601 eon-

174 653 403 708 tentos
447 662 565 707 nos
606 662 759 706 esse
805 643 969 730 lieet
989 649 1055 704 et
1090 642 1447 727 fragmenta
1484 632 1798 704 Matthaei
1839 639 2253 703 Dublinensia
2285 633 2465 729 (Ζ.)

174 756 380 833 grata
414 749 596 811 nobis
638 754 786 810 sunt
828 755 895 809 et
938 756 1225 829 aeeepta.
1313 747 1412 809 Ita
1454 765 1561 825 me
1573 790 1596 831 ,
1623 744 1749 827 ,qui
1789 751 2041 807 temtum
2077 747 2466 826 antiqm'oei-

177 871 369 918 mum
410 869 681 932 eumque
721 855 1007 913 maxime
1049 851 1450 934 divulgatum·
1487 867 1796 912 revocare
1832 848 2209 930 voluissem,
2255 848 2466 910 multis

113 983 121 990 ·
179 951 276 1017 N.
326 955 402 1017 Τ.
470 955 629 1018 loeis
687 972 771 1017 ne
818 955 1006 1016 binos
1064 954 1318 1037 quidem
1365 947 1479 1043 (A
1542 961 1608 1015 et
1661 935 1790 1039 B.)
1855 950 2134 1018 codices.
2178 949 2467 1013 conferre

178 1058 494 1140 potuisse'
515 1065 796 1139 apparet.
885 1057 1062 1120 Nam
1105 1057 1335 1120 Matth.
1389 1058 1462 1141 1,
1512 1055 1765 1141 1--25‚
1803 1056 1868 1117 6.
1922 1047 2071 1116 Joh.
2115 1054 2182 1138 6,
2225 1052 2465 1139 50-8,

76 1172 83 1177 ’
180 1159 295 1224 52.
340 1170 415 1225 et
451 1162 515 1225 2.
561 1160 710 1225 Cor.
732 1162 797 1240 4,
850 1160 1129 1247 13-12,
1175 1161 1239 1222 6.
1286 1181 1372 1224 ex
1414 1181 1549 1224 uno
1596 1160 1677 1221 B.
1719 1165 1787 1222 et
1822 1159 2019 1221 Hebr.
2064 1158 2130 1241 9,
2186 1155 2470 1241 15-13,

181 1264 297 1329 25.
318 1308 342 1350 ,
414 1273 546 1327 tum
590 1265 652 1326 in
696 1265 985 1346 epistolis
1029 1265 1109 1328 ad
1155 1264 1553 1327 Timotheum
1574 1307 1598 1349 ,
1659 1263 1871 1325 Titum
1927 1269 1995 1325 et
2036 1260 2469 1325 Philemonem

187 1368 365 1452 datis
406 1376 599 1452 atque
642 1369 710 1430 in
751 1367 1151 1452 Apocalypsi
1211 1388 1296 1431 ex
1352 1388 1488 1430 uno
1529 1355 1615 1428 A.
1677 1373 1917 1429 textum
1961 1366 2469 1448 antiquissimum

186 1483 466 1554 eumque
504 1477 788 1558 ’κατέπιε
832 1473 1160 1551 vulgatum
1202 1470 1457 1534 haurire
1502 1466 1709 1533 debui.
1799 1471 2056 1550 Nempe
2099 1487 2223 1530 non
2261 1470 2468 1535 omni-⁶

187 1579 315 1640 bus
352 1575 514 1642 locis
533 1618 557 1660 ,
623 1576 688 1637 in
735 1576 963 1658 quibus
1023 1580 1286 1638 unicum
1312 1617 1317 1622 -
1346 1573 1631 1638 eodieem
1674 1579 1865 1656 quem
1910 1590 2216 1656 sequerer
2253 1572 2467 1657 habui,

189 1678 550 1763 fragmenta
598 1677 677 1741 C.
709 1678 785 1741 P.
819 1677 897 1757 Q.
942 1679 1017 1741 Τ.
1060 1678 1141 1741 Ζ.
1183 1679 1267 1746 Η.
1310 1677 1573 1742 alterius
1616 1677 1859 1741 eodieis
1893 1676 2209 1758 jacturam
2251 1695 2470 1739 resar-

191 1784 385 1847 eiunt.
429 1776 562 1872 [ef.
612 1781 761 1845 ibid.
803 1802 865 1864 p.
893 1775 1313 1870 sal—833.)
1400 1782 1449 1844 J
1451 1800 1556 1844 am
1598 1781 1887 1845 codicum
1929 1773 2323 1843 orientalium
2366 1781 2471 1842 in-

189 1888 401 1968 opiam
450 1886 929 1970 diligentissima
973 1905 1186 1950 eorum
1229 1887 1491 1950 Patrum
1546 1902 1922 1971 graecorum
1967 1884 2318 1969 collatione,
2362 1883 2470 1967 qui

193 1990 570 2052 orientalem
632 1990 723 2052 N.
767 1991 842 2052 Τ.
899 1996 1146 2052 textum
1205 1992 1513 2071 praebent
1530 2034 1555 2074 ,
1622 2007 2039 2072 compensare
2098 1989 2469 2070 potuissem.

192 2093 285 2157 At
328 2092 681 2157 Clementis
732 2092 1154 2155 Alexandrini
1186 2111 1410 2174 parum
1464 2101 1766 2156 accurate
1826 2093 1915 2153 N.
1959 2092 2035 2153 Τ.
2083 2093 2225 2156 loea
2267 2090 2468 2154 eitare

191 2195 362 2259 soliti
405 2195 709 2257 rationem
769 2195 1011 2271 habere
1065 2214 1203 2257 non
1261 2209 1470 2257 ausus
1528 2215 1696 2257 eum.
1734 2255 1741 2263 ,
1786 2192 2084 2259 Genuina
2128 2192 2470 2257 Athanasii

191 2299 433 2381 scripta
474 2319 634 2362 moa·
659 2307 961 2373 accurate
999 2302 1344 2382 conferant
1366 2303 1482 2385 qqu‘
1515 2304 1948 2377 veeteyia'mea
1975 2303 2465 2378 persequentur.

189 2402 459 2468 Eusebii
500 2394 848 2469 'canonibus
888 2411 1026 2466 tum
1067 2397 1250 2480 utar,
1295 2422 1495 2484 quum
1536 2407 1841 2483 majorem
1883 2399 1971 2462 N.
2014 2400 2082 2462 T.
2125 2403 2467 2463 editionem

193 2508 543 2584 adornabo.
613 2506 766 2570 Alia
810 2506 1075 2570 Eusebii
1113 2506 1354 2588 seripta
1392 2504 1531 2588 jam
1568 2505 1820 2591 contuli,
1865 2504 1988 2568 sed
2021 2504 2104 2567 iis
2125 2510 2467 2585 propterea

195 2629 243 2672 n
259 2629 354 2673 on
392 2630 561 2674 mue
590 2623 803 2689 sum.
836 2613 1014 2692 quod
1051 2630 1136 2672 ne
1169 2618 1394 2673 tea-tus
1434 2603 1782 2691 oon-raptus
1807 2617 1982 2671 esset
2005 2612 2216 2672 metui.
2285 2607 2465 2671 'Pan-

194 2723 324 2778 tum
364 2734 505 2777 non·
528 2734 651 2777 uno
677 2713 959 2797 Origene
998 2733 1158 2778 usus
1185 2733 1359 2777 sum:
1404 2734 1785 2798 quamquam
1826 2713 1935 2776 hie
1976 2730 2227 2795 quoque
2269 2730 2466 2793 prae-

195 2819 368 2882 clara
409 2814 597 2882 Grie
615 2819 700 2881 sb
714 2817 929 2882 aehii
999 2819 1085 2881 de
1140 2816 1420 2901 Origene
1479 2818 1720 2900 scripta
1764 2810 1877 2906 [v.
1922 2814 2147 2899 Symb.
2193 2815 2330 2878 erit.
2374 2815 2462 2898 11,

195 2942 257 3005 p.
278 2920 409 2984 229
442 2939 564 3006 sq„
615 2929 681 2984 et
704 2919 939 3004 Opuse.
986 2922 1061 2983 Τ.
1086 2920 1140 3006 Ι,
1179 2940 1242 3002 p.
1263 2922 1397 2984 226
1417 2914 1610 3008 sqq.)
1653 2940 1778 2983 non
1821 2921 1911 2984 ita
1956 2938 2156 3001 saepe
2198 2918 2264 2983 in
2303 2938 2463 2988 oon-

200 3026 405 3088 silium
449 3024 708 3102 adhibui
754 3042 941 3106 quam
986 3032 1246 3106 putares
1291 3033 1359 3087 et
1394 3026 1548 3106 quia
1602 3032 1672 3099 ut
1715 3022 1859 3104 ejus
1903 3042 2150 3086 errores
2190 3023 2464 3087 vitarem

195 3129 441 3192 veritus
484 3147 626 3194 sum
673 3138 739 3192 et
782 3129 1074 3210 quoniam
1115 3126 1378 3190 eodiees
1412 3125 1712 3210 origenis
1747 3144 1940 3208 opera
1986 3127 2301 3207 complexi
2338 3145 2463 3188 non

196 3241 323 3296 tam
363 3232 510 3295 boni
566 3240 753 3314 sunt,
813 3239 884 3293 ut
933 3230 1016 3292 iis
1070 3230 1226 3292 solis
1265 3238 1441 3294 reete
1481 3223 1787 3294 confidas
1846 3222 1978 3318 [cf.
2025 3228 2175 3292 ibid.
2221 3248 2285 3310 p.
2331 3227 2465 3292 83³

197 3345 265 3399 et
292 3328 513 3423 834.)
578 3335 633 3396 Ε
679 3338 900 3397 malz-1229
934 3335 1350 3396 monumentis
1399 3332 1778 3416 Hieronymi
1820 3332 2039 3397 versio
2095 3330 2248 3396 mihi
2289 3332 2462 3396 utilis

198 3439 312 3502 fult
323 3482 347 3523 ,
408 3457 597 3522 quam
640 3438 994 3519 ubieunque
1038 3438 1119 3501 ab
1163 3439 1546 3501 occidentali
1594 3438 1866 3501 lectione
1908 3434 2152 3501 reeedit
2188 3455 2463 3514 graeco-

195 3563 336 3606 rum
377 3542 664 3607 codicum
679 3585 705 3628 ,
748 3541 915 3625 quos
951 3542 1384 3625 Hieronymus
1423 3542 1739 3606 consuluit
1752 3585 1776 3627 ‚
1836 3542 2210 3624 scripturam
2254 3542 2462 3605 eonti-

197 3667 345 3710 nere
387 3655 883 3712 consentaneum
919 3655 1039 3710 est.
1128 3646 1203 3707 ln
1242 3654 1416 3708 tanta
1451 3646 1841 3740 orientalium
1874 3644 2163 3710 codicum
2203 3646 2464 3726 penuria

197 3751 501 3815 interdum
547 3759 763 3814 eontra
803 3768 1005 3812 unum
1047 3750 1334 3814 eodieem
1368 3749 1743 3813 ‘orientalem
1757 3792 1782 3834 ,
1853 3748 1912 3811 si
1952 3753 2159 3809 versio
2200 3747 2461 3825 vulgata

200 3854 640 3917 dubitationem
680 3872 804 3916 non
848 3854 1118 3937 tolleret,
1186 3857 1465 3914 seriores
1512 3860 1579 3914 et
1615 3853 1916 3931 vulgares
1959 3853 2207 3913 eodices
2250 3855 2459 3913 aua-i-

185 3957 352 4017 lium
392 3957 551 4018 mim
581 3960 760 4037 ferre
793 3976 1039 4036 pascus
1080 3976 1227 4019 sum
1239 4001 1266 4034 ,
1335 3973 1559 4039 parum
1573 3999 1596 4039 ,
1638 3964 1709 4018 ut
1752 3956 1895 4035 ipse
1934 3952 2211 4017 concedo
2225 3995 2250 4038 ‚
2300 3972 2460 4042 eon-

200 4066 452 4120 stanter.
539 4057 757 4121 Semel
803 4052 1049 4147 [Apoe.
1094 4060 1170 4122 11
1190 4102 1213 4142 ,
1254 4052 1348 4147 4)
1395 4056 1787 4141 Oeoidentis,
1834 4057 2159 4141 Vulgatae
2201 4064 2266 4121 et
2308 4059 2462 4122 vul-

199 4161 437 4246 garium
482 4160 772 4225 codic-um
813 4163 1189 4243 scripturam
1234 4152 1533 4251 [ἐλαῖαι]
1554 4205 1577 4245 ,
1620 4162 1857 4245 recepi,
1896 4162 2256 4225 manifestis
2297 4162 2459 4225 duo-

182 4284 329 4328 ,rum
367 4264 760 4352 orientalium
795 4264 1079 4327 codicum
1105 4266 1278 4329 vitiis
1320 4259 1451 4354 (A.
1489 4267 1582 4332 αὖ
1605 4271 1794 4346 aaran,
1842 4263 1918 4327 C.
1951 4264 1991 4328 ἀ
2011 4258 2226 4353 latae]
2270 4284 2458 4346 spre-

200 4370 297 4436 tis.
361 4362 493 4458 (ef.
540 4367 688 4432 ibid.
734 4388 796 4451 p.
841 4366 972 4431 834
1017 4378 1081 4432 et
1122 4364 1324 4459 835.)
1413 4370 1699 4433 Transeo
1742 4369 1823 4432 ad
1873 4376 2115 4434 textum
2159 4370 2460 4432 occiden-
