2984 5067
1386 385 1826 449 -13-

479 561 754 626 sustulit.
865 558 1270 644 Saepissime
1311 561 1504 624 etiam
1548 560 1947 626 diversarum
1987 560 2326 627 lectionum
2365 583 2613 648 pannos
2647 574 2757 631 te-

475 683 652 730 mere
696 665 982 751 consuit,
1049 672 1121 728 ut
1176 681 1322 728 eum
1365 664 1691 729 variantes
1750 666 2058 732 lectiones
2095 684 2319 747 parum
2360 670 2756 752 expendisse

473 779 816 855 appareat,
858 778 1052 853 atque
1104 769 1197 833 ita
1239 786 1442 852 saepe
1498 786 1738 854 graeca
1778 771 1982 834 verba
2025 770 2444 857 interpunxit,
2488 782 2562 837 ut
2604 763 2792 838 eum‘

470 892 682 957 neque
726 874 1102 957 scriptorum
1144 890 1474 937 sacrorum
1518 872 2004 955 disputationem
2045 873 2480 960 intellexisse,
2541 896 2756 962 neque

471 978 879 1061 interpretum
939 974 1421 1042 commentarios
1481 975 1832 1040 contulisse
1899 970 2032 1065 [cf.
2084 980 2124 1042 l.
2185 997 2248 1060 p.
2293 970 2495 1065 828.)
2560 980 2755 1046 facile

469 1082 919 1166 intelligamus.
964 1082 1063 1144 lta
1097 1080 1337 1144 factum
1376 1088 1501 1164 est,
1541 1087 1615 1142 ut
1656 1080 1975 1144 ecclesiae
2016 1081 2323 1146 videlicet
2350 1085 2752 1149 consulturus

469 1193 536 1249 et
577 1186 668 1249 N.
714 1187 790 1248 Τ.
833 1185 1031 1250 crisin
1086 1182 1535 1247 emendaturus
1578 1202 1619 1245 e
1674 1181 2142 1248 diversissimis
2184 1187 2363 1250 libris
2421 1186 2582 1251 inter
2625 1187 2752 1252 duo

466 1289 734 1353 consilia
775 1289 1125 1374 trepidans,
1168 1305 1356 1372 quam
1403 1304 1574 1350 nunc
1620 1289 2117 1350 commemorns
2158 1307 2476 1374 quamque
2517 1291 2751 1357 lectio-

468 1411 615 1456 nem
667 1392 819 1456 licet
874 1394 1151 1475 ineptam
1209 1390 1567 1476 reciperet,
1605 1406 1778 1466 nuuc,
1816 1389 2193 1471 scripturam
2238 1396 2747 1507 amplecteretur,

467 1514 661 1580 quam
697 1503 1058 1576 genuinam
1094 1516 1249 1560 esse
1292 1497 1556 1558 interna
1596 1498 1974 1577 argumenta
2004 1494 2393 1583 docuissent,
2432 1506 2566 1561 tam
2597 1489 2749 1562 foe-’-

466 1600 618 1664 dum
664 1611 922 1685 tamque
986 1601 1377 1686 inquinatum
1418 1606 1509 1669 N.
1554 1605 1631 1666 Τ.
1687 1611 1931 1668 textum
1992 1600 2490 1686 conglutinaret,
2554 1620 2749 1685 quam

464 1713 615 1768 ante
663 1721 810 1769 eum
853 1723 1039 1768 nemo
1081 1710 1433 1791 composuit
1478 1716 1781 1792 tantaque
1818 1704 2048 1789 injuria
2088 1705 2281 1767 libros
2326 1723 2551 1769 sacros
2592 1704 2750 1769 affi-

462 1817 638 1873 ceret
654 1852 677 1891 ,
719 1817 979 1892 quanta,
1022 1828 1110 1873 ex
1155 1829 1280 1894 quo
1323 1812 1501 1896 typis
1546 1809 1854 1892 exscripti
1895 1817 2077 1894 sunt,
2120 1826 2307 1871 nemo
2350 1827 2466 1871 eos
2506 1807 2745 1888 affecit.

638 1909 824 1989 Quod
867 1931 950 1975 ne
993 1912 1328 2000 cupidius,
1374 1933 1568 1998 quam
1609 1914 1831 1978 verius
1877 1912 2126 1978 dixisse
2164 1912 2425 1997 videar,

1558 2035 1642 2099 ΙΙ.

461 2164 850 2238 quantopere
893 2154 1116 2223 Lach
1135 2176 1196 2221 m
1217 2176 1509 2243 annus,
1574 2176 1766 2242 quum
1818 2157 2073 2240 legibus
2117 2154 2256 2217 suis
2297 2154 2535 2219 criticis
2573 2174 2749 2222 nunc

456 2268 701 2347 staret,
740 2279 908 2326 nunc
943 2262 1039 2332 ab
1068 2262 1152 2326 iis
1194 2262 1617 2347 descisceret,
1661 2261 1752 2324 N.
1796 2262 1872 2323 Τ.
1917 2251 2284 2342 corruperit,
2326 2256 2573 2324 idoneis
2614 2257 2751 2323 ex-

455 2365 703 2447 emplis.
731 2364 991 2432 docebo.

631 2469 719 2530 Et
763 2469 1032 2550 primum
1076 2469 1334 2552 quidem
1374 2472 1609 2534 multas
1644 2462 1950 2533 lectiones
1981 2465 2260 2552 recepit,
2301 2483 2468 2549 quae
2509 2465 2747 2565 partim

459 2588 652 2654 quum
694 2571 948 2655 legibus
1004 2572 1441 2657 grammaticis
1495 2574 1684 2656 plane
1741 2579 2095 2656 repugnent
2144 2568 2503 2632 certissima
2540 2568 2745 2632 libra-

456 2675 686 2740 riorum
729 2677 889 2742 vitia
931 2676 1060 2740 sint
1076 2720 1101 2762 ,
1161 2676 1392 2759 partim
1433 2695 1627 2761 quum
1667 2675 2103 2762 grammaticis
2142 2672 2531 2757 argumentis
2571 2690 2746 2754 quo-
2791 2753 2796 2759 .

457 2777 788 2842 dammodo
829 2781 941 2843 vel
983 2780 1243 2844 defendi
1283 2783 1396 2845 vel
1436 2782 1737 2845 excusari
1801 2779 2085 2881 possint,
2145 2796 2270 2839 non
2309 2775 2485 2859 prius
2525 2782 2745 2839 tamen

455 2883 655 2945 textis
717 2891 893 2946 recte
933 2884 1314 2972 inferantur,
1357 2903 1551 2970 quam
1593 2905 1717 2950 non
1758 2904 1913 2948 esse
1960 2900 2076 2946 eas
2118 2881 2467 2946 scribarum
2510 2878 2740 2963 sphal-

454 2993 629 3049 mata
667 2987 997 3053 Ianitor-icis
1038 2990 1433 3076 argumentis
1477 2989 1971 3056 demonstratum
2013 2985 2117 3048 sit.

1517 3219 1570 3285 Ι.
1614 3235 1675 3283 a.

896 3336 1440 3389 cnunssnuA
1487 3334 1999 3387 Lmruuuonmu
2044 3334 2270 3385 vlnA.

622 3475 696 3537 In
739 3474 1011 3556 epistola
1053 3476 1135 3539 ad
1172 3473 1320 3540 Gal.
1351 3472 1418 3552 5,
1447 3471 1555 3536 26.
1595 3470 2148 3535 Lachmannus
2190 3490 2280 3534 ex
2320 3471 2394 3535 B.
2440 3470 2732 3554 scripsit:

448 3573 533 3660 μή
593 3577 913 3662 γινώμεθα
955 3578 1310 3656 κενόδοξοι,
1359 3577 1674 3658 ἀλλήλους
1718 3576 2247 3659 προκαλούμινοι,
2310 3563 2736 3656 ἄλλ’ήλους
2849 3559 2860 3567 ’

450 3673 698 3769 [vulgo
744 3674 1092 3770 ἀλλήλοις)
1138 3682 1550 3767 φθονοῦντες.
1631 3677 1924 3744 Scribam
1964 3697 2131 3743 voce
2175 3678 2511 3759 ἀλλήλους,
2557 3695 2733 3761 quae

444 3785 796 3869 praecedit,
846 3786 911 3848 in
952 3806 1225 3849 errorem
1269 3786 1526 3850 ductum
1566 3783 1770 3865 ἀλλή
1787 3787 1920 3849 λου
1941 3808 1974 3858 ς
2018 3783 2415 3867 φθονοῦντες
2451 3799 2565 3864 pro
2607 3780 2731 3844 εἷλ-

447 3892 563 3973 λήλ
583 3897 704 3966 oei,-
747 3899 940 3974 φθον.
985 3898 1226 3953 temere
1267 3907 1584 3954 exarasse
1624 3894 1818 3969 patet.
1881 3886 2079 3949 Hebr.
2112 3884 2271 3970 6,·2.
2312 3885 2730 3956 hachm.'—-·

445 4000 545 4057 ἐπὶ
585 3993 699 4076 τήν
746 3994 1108 4076 τελειότητα
1152 3993 1512 4079 φερώμεθα,
1558 3990 1641 4075 μή
1680 3991 1867 4055 πάλιν
1902 3993 2199 4070 θεμέλιον
2246 3987 2725 4072 καταβαλλόμε-

442 4121 540 4160 νοι
583 4102 913 4177 μετανοίας
949 4094 1080 4163 aiud
1122 4098 1348 4181 νεκρῶν
1392 4097 1581 4181 ἔργων
1635 4102 1737 4159 καὶ
1782 4098 2043 4167 πίστεως
2088 4100 2188 4157 ἐπὶ
2232 4092 2431 4170 θεόν,
2496 4096 2726 4176 βαπτι-

359 4201 369 4210 ”
443 4222 637 4282 σμων
660 4205 697 4264 δ
722 4226 743 4264 ι
772 4206 810 4264 δ
834 4227 875 4265 α
900 4201 1000 4286 χή
1020 4228 1096 4280 ν,
1142 4194 1294 4290 [sic
1333 4200 1432 4284 B.,
1475 4199 1674 4282 vulgo
1723 4188 2048 4286 διδαχῆς),
2094 4194 2442 4270 ἐπιθέσεώς
2486 4221 2554 4261 τε
2602 4221 2726 4280 χει-

439 4330 598 4386 ρων,
664 4305 1063 4400 ἀναστάσεώς
1115 4328 1182 4369 τε
1226 4302 1452 4387 νεκρῶν
1518 4308 1622 4365 καὶ
1680 4303 1973 4385 κρίματος
2035 4304 2310 4365 αἰωνίου.
2395 4299 2724 4363 Iaibrarius

440 4416 585 4490 post
648 4409 979 4491 βαπτισμῶ
991 4433 1027 4472 ν
1087 4408 1256 4470 male
1300 4406 1560 4489 scripsit
1603 4392 1824 4489 διδαχή
1843 4430 1877 4468 ν
1938 4422 2052 4487 pro
2095 4401 2400 4469 Genitivo
2441 4404 2723 4486 διδαχῆς,
