2984 5067
219 1536 854 1671 conformationem
897 1608 1076 1671 Novi
1121 1595 1517 1681 Testamenti
1554 1604 1839 1672 criticam
1858 1646 1881 1686 ,
1927 1621 2118 1686 quam
2156 1602 2495 1668 Carolus

215 1710 274 1771 L
293 1697 801 1777 a'chmannus
821 1758 841 1795 ‚
915 1713 1017 1775 vir
1071 1713 1284 1776 multis
1328 1712 1535 1775 modis
1596 1710 1678 1772 de
1718 1708 1943 1772 litteris
1985 1710 2310 1792 praeclare
2351 1727 2496 1771 me-

214 1815 416 1900 ritus,
482 1816 756 1881 Berolini
809 1836 867 1880 a.
928 1813 1483 1881 Mucc‘cxxxl
1528 1814 1760 1899 edidit,
1820 1814 2239 1876 Lueckius
2284 1820 2497 1875 tanto-

216 1938 372 2001 pere
416 1920 766 1985 admiratus
809 1931 951 2008 est,
994 1931 1064 1985 ut
1102 1921 1308 1985 amico
1351 1940 1469 1983 suo
1490 1964 1514 2005 ,
1559 1918 1726 2001 quod
1771 1918 1859 1980 N.
1906 1917 1982 1978 Τ.
2028 1918 2223 1981 crisin
2272 1936 2459 1979 emen

186 2009 441 2091 ‘dasset
455 2068 478 2109 ,
550 2026 768 2107 utique
838 2028 1084 2109 gratias
1152 2044 1192 2087 a
1265 2025 1614 2107 Theologis
1697 2021 1990 2105 agendas
2060 2039 2215 2083 esse
2292 2022 2499 2084 amice

215 2125 460 2189 diceret
501 2118 616 2215 *J
705 2125 890 2204 Quod
933 2128 1241 2209 judicium
1287 2148 1514 2190 verum
1570 2145 1694 2188 non
1752 2145 1905 2188 esse
1948 2125 2283 2209 diligenter
2331 2142 2499 2187 exa-

214 2229 792 2293 minata‘Lachm
810 2230 992 2310 anni
1036 2227 1310 2294 editione
1352 2230 1650 2315 cognovi.
1739 2230 1963 2311 Itaque
2005 2228 2300 2310 quidnam
2345 2228 2500 2291 mihi

215 2333 300 2395 de
366 2333 875 2397 Lachmanni
941 2333 1311 2397 recensione
1368 2335 1691 2397 videretur
1740 2347 1967 2396 censor
2027 2332 2169 2395 libri
2205 2332 2498 2395 -Lach-

118 2473 124 2478 -
214 2456 442 2500 mann
463 2438 484 2498 i
503 2440 635 2500 ani
676 2439 949 2523 ingenue
992 2445 1185 2520 atque
1227 2440 1317 2501 lta
1360 2441 1672 2522 exposui,
1738 2446 1811 2500 ut
1867 2436 2247 2499 sententiam
2290 2455 2501 2499 meam

212 2552 281 2605 et
325 2543 716 2626 argumentis
765 2543 1203 2606 confirmarem
1234 2552 1303 2605 et
1320 2544 1640 2627 ‚exemplis
1672 2531 2054 2604 illustrarem
2077 2532 2235 2626 Μᾖ.
2294 2541 2499 2606 Docui

213 2656 427 2710 autem
487 2659 698 2729 neque
761 2647 1092 2710 consilium
1138 2646 1197 2707 L
1216 2647 1358 2709 ach
1374 2666 1437 2709 m
1454 2666 1493 2708 a
1509 2667 1550 2708 n
1566 2647 1642 2709 ni
1706 2663 1914 2729 neque
1968 2644 2270 2708 rationem
2286 2690 2309 2731 ,
2371 2664 2499 2729 qua

214 2750 280 2813 id
306 2759 713 2832 exsequutus
775 2753 863 2814 sit
879 2794 903 2835 ,
963 2752 1139 2815 recte
1197 2769 1239 2813 a
1296 2769 1610 2841 quoquam
1654 2750 1923 2833 probari.
2013 2750 2187 2812 Nam
2232 2752 2497 2812 mecha-

214 2859 430 2917 nicam
457 2855 664 2917 virum
694 2854 945 2918 doctum
983 2856 1175 2919 crisin
1216 2855 1588 2917 factitasse:
1631 2854 1798 2916 hanc
1826 2872 1984 2916 vero
2016 2856 2269 2916 nullam
2304 2856 2498 2919 crisin

212 2977 370 3021 esse
389 3001 412 3041 ,
462 2977 666 3043 ,quum
725 2959 865 3042 ipso
907 2959 1096 3048 crisis
1146 2960 1457 3022 vocabulo
1509 2958 1957 3022 admoneamur
1974 3000 1997 3040 ,
2061 2959 2278 3022 critico
2340 2978 2496 3023 esse

196 3064 651 3142 judicandum.
741 3062 992 3124 Deinde
1034 3061 1658 3143 Lachmannum
1703 3062 1928 3123 multis'
1963 3062 2134 3130 ‚locis
2192 3064 2317 3126 sibi
2372 3084 2496 3127 non

188 3147 581 3229 ¹constitisse
640 3165 909 3227 ostendi.
994 3165 1157 3227 Tum
1188 3166 1598 3248 ’imparatum
1657 3183 1803 3227 eum
1862 3164 1946 3227 ad
1970 3165 2102 3230 XN..
2131 3166 2206 3226 Τ.
2221 3209 2244 3250 ,
2307 3167 2493 3250 cujus

212 3268 538 3351 ingenium
581 3286 801 3350 pamm
858 3277 1116 3353 nosset,
1181 3270 1550 3332 accessisse
1612 3287 1938 3353 saepeque
1998 3271 2063 3332 in
2124 3290 2202 3333 eo
2244 3272 2493 3336 consti-

214 3370 449 3434 tuendo
494 3372 894 3455 negligenter
935 3391 1145 3455 neque
1208 3374 1414 3455 perite
1468 3380 1535 3435 et
1576 3382 1763 3444 acute
1805 3382 2131 3437 versatum
2173 3363 2328 3439 e'sse
2367 3378 2492 3441 de-

212 3475 581 3538 monstravi.
667 3476 960 3558 Denique
1023 3494 1285 3558 quorum
1341 3477 1657 3540 hominum
1718 3479 1939 3542 usibus
1993 3479 2286 3543 Lachm
2304 3484 2491 3545 anni

211 3598 376 3662 opus
416 3580 955 3644 accommodatum
997 3590 1177 3644 esset
1217 3601 1321 3644 me
1363 3582 1715 3666 intelligere
1753 3583 2011 3667 negavi.
2040 3567 2060 3606 ⁸
2097 3585 2286 3649 Hanc
2328 3605 2489 3650 cen-

210 3702 430 3747 suram
463 3684 521 3746 h
540 3685 979 3748 achmanno
1011 3686 1327 3770 ingratam
1357 3669 1565 3752 fuisse
1602 3707 1686 3751 ex
1726 3688 1807 3750 iis
1830 3696 2125 3772 apparet,
2158 3708 2325 3772 quae
2362 3689 2488 3754 ad-

316 3891 374 3950 *)
413 3892 550 3941 Vide
586 3894 805 3944 Studien
843 3894 951 3943 und
995 3895 1229 3944 Kritiken
1266 3894 1421 3945 1831.
1473 3910 1525 3956 p.
1557 3895 1666 3948 897
1684 3911 1698 3945 ε
1751 3897 1889 3964 „Ich
1935 3897 2258 3948 wieder-bole
2294 3898 2486 3950 claraus

425 3976 550 4043 (aus
590 3982 683 4028 der
718 3983 1158 4032 ausffihrlicheren
1183 3984 1429 4048 Anzeige
1456 3983 1552 4032 des
1589 3983 1825 4033 Werkes
1875 3985 1927 4034 in
1962 3986 2064 4034 den
2100 3983 2339 4051 Gotting.
2376 3990 2484 4054 gel.

423 4067 563 4115 Anz.
604 4067 754 4122 18³1.
793 4067 873 4118 St.
907 4068 994 4118 67.
1035 4070 1142 4120 und
1177 4070 1295 4130 68.)
1335 4085 1452 4140 nur,
1488 4072 1612 4119 dass
1649 4070 1734 4120 die
1766 4073 2071 4138 Theologen
2111 4073 2209 4121 alle
2249 4075 2484 4125 Ursache

420 4154 621 4222 haben,
671 4156 789 4204 dem
824 4156 1125 4222 Philologen
1179 4158 1265 4207 tsn-
1323 4158 1458 4208 dieu
1502 4159 1559 4208 in
1610 4160 1700 4209 der
1749 4173 1804 4209 n.
1854 4166 1891 4208 t.
1928 4159 2110 4209 Kritile
2161 4163 2487 4226 walamare

420 4243 930 4306 reformirende
975 4245 1129 4294 Werle
1173 4259 1239 4294 zu
1278 4239 1554 4297 danken.“
1838 4237 1844 4243 ’

282 4348 370 4408 *Ἴ
408 4345 607 4397 Confer
640 4348 724 4396 die
754 4348 1010 4396 Hallische
1049 4348 1275 4413 Allgem.
1310 4351 1423 4402 Lz.
1462 4348 1616 4399 1833.
1650 4350 1714 4401 N.
1739 4349 1971 4401 52—54.
1992 4335 2066 4401 'et
2100 4352 2182 4402 die
2218 4352 2481 4405 Kritischc

417 4434 956 4501 Prodigerbibliothek
993 4447 1100 4484 von
1138 4436 1362 4486 Roehr
1397 4440 1522 4490 tom.
1563 4437 1646 4486 14.
1682 4439 1811 4491 fasc.
1846 4440 1898 4495 3.
1936 4440 2321 4569 {blm—4⁷⁸7.
