2984 5067
1092 341 1240 404 ··....
1324 354 1370 418 5
1455 342 1637 416 -.·

216 534 292 596 le
299 531 325 614 j
338 552 382 596 u
399 550 464 594 m
495 530 765 613 profero,
810 547 1125 599 summurn
1155 527 1482 615 criticum,
1526 529 1647 592 sed
1672 528 2016 613 'theologis
2066 537 2132 593 et
2154 510 2507 613 Philologis

221 636 286 699 in
329 636 482 700 crisi
522 635 699 698 Novi
737 634 1133 697 Testamenti
1176 623 1453 716 superbe
1507 642 1812 718 spretum,
1853 635 1965 696 ‘vel
2008 632 2301 716 quoniam
2339 651 2506 715 pue-

225 740 448 803 rilibus
490 738 685 823 vulgi·
715 737 799 800 de
841 738 1136 801 Bentle
1146 737 1217 820 ji
1260 740 1412 802 crisi
1455 738 1851 820 opinionibus
1896 736 2068 800 ducti
2112 746 2355 821 essent,
2398 739 2508 801 vel

218 842 386 930 quod
443 860 569 905 non
629 860 851 905 omnes
917 861 1091 925 quae·
1121 841 1407 905 Bentle
1420 841 1561 924 jus
1625 826 1714 904 de*
1774 843 1926 905 crisi
1975 842 2065 903 N.
2111 840 2187 903 Τ.
2248 840 2509 924 scripsit

219 955 348 1009 tam
391 953 633 1009 attente
676 947 1025 1031 legissent,
1070 966 1262 1030 quam
1307 965 1454 1030 ego,
1503 947 1611 1029 qui
1642 931 1747 1008 me
1792 945 2030 1009 criticis
2061 944 2310 1029 studiis,
2358 945 2507 1027 qui-

217 1052 338 1113 bus
387 1051 585 1113 Novo
624 1050 1035 1114 'testamento
1080 1049 1457 1133 prodessem
1478 1094 1503 1134 ,
1550 1050 2002 1133 applicuissem
2043 1050 2196 1133 legi.
2279 1050 2508 1131 Itaque

216 1153 371 1217 mihi
414 1155 683 1238 placeo,
741 1156 908 1238 quod
967 1157 1143 1218 viam
1190 1173 1232 1217 a
1275 1153 1671 1236 BentleJo
1731 1153 1947 1217 initam
1990 1161 2281 1236 repetere
2322 1151 2507 1234 ejus-

219 1277 345 1342 que
388 1258 721 1321 consilium
776 1260 836 1321 si
896 1257 1021 1322 non
1065 1259 1338 1342 exsequi
1356 1302 1380 1343 ,
1452 1268 1632 1322 certe
1693 1258 1776 1322 ad
1841 1258 2140 1323 effectum
2185 1256 2540 1319 adducere·

160 1416 169 1423 .
217 1366 497 1442 incipere
537 1362 693 1425 mihi
760 1364 1026 1448 contigit
1067 1354 1183 1451 *J
1270 1339 1593 1447 Accedit,
1657 1362 1825 1445 quod
1883 1363 2096 1444 operis
2153 1360 2300 1440 mei
2344 1359 2508 1440 ratio

219 1465 1000 1593 Schleiermachero
1042 1469 1329 1551 probata·
1350 1475 1453 1528 est
1506 1458 1668 1553 **].
1772 1537 1781 1546 ‚
2466 1481 2477 1492 ·

297 1668 303 1676 ’
387 1654 783 1721 CONslhn
820 1657 883 1719 A
926 1656 1390 1760 LACHMAN
1393 1655 1521 1720 No
1563 1657 1830 1722 CAPTI
1876 1654 2328 1722 CENSURA.

395 1796 608 1885 Cri-ris
623 1842 651 1874 ,
719 1815 911 1879 quum
969 1816 1010 1859 a
1038 1799 1400 1877 ,iudicando
1453 1797 1625 1861 dicta
1691 1800 1778 1861 sit
1792 1842 1815 1883 ,
1859 1816 1967 1861 ars
1983 1841 2006 1882 ,
2049 1829 2138 1843 -
2204 1795 2407 1858 verba
2466 1798 2505 1857 a

154 1921 161 1928 ·
221 1902 629 1985 scriptoribus
673 1902 882 1983 posita
926 1920 967 1964 a
1009 1902 1346 1965 vocabulis
1360 1903 1422 1987 ,’
1462 1922 1630 1986 quae
1680 1903 1760 1965 iis
1821 1922 2027 1985 error,
2090 1899 2506 1985 negligentia,
2587 1919 2592 1922 ’

220 2008 389 2069 mala
433 1994 782 2088 sedulitas,
826 1991 1064 2068 malitia
1104 2006 1213 2066 vel
1257 2005 1635 2091 addiderunt
1674 2009 1782 2070 vel
1824 2009 2292 2090 supposuerunt
2333 2012 2508 2094 recte

222 2108 612 2192 dijudicandi
654 2122 939 2172 vocatur.
1003 2108 1274 2191 Indigna
1320 2117 1421 2171 est
1464 2111 1655 2194 igitur
1698 2117 1889 2174 m'ais
1930 2109 2354 2191 appellatione
2397 2110 2506 2169 lu·-

220 2219 460 2277 atot‘w‘ca
503 2212 691 2275 crisis
736 2211 1271 2296 Lachmanni,
1340 2213 1577 2295 quippe
1622 2215 1702 2277 ab
1751 2212 2098 2296 judicando
2156 2213 2344 2295 plane
2387 2230 2505 2274 se·-

215 2317 451 2400 Juncta-
452 2360 476 2401 ,
533 2317 598 2379 in
642 2318 1044 2377 numerando
1088 2324 1159 2378 et
1215 2319 1645 2396 computando
1690 2312 1876 2380 unice
1918 2324 2249 2397 occupata.
2338 2313 2505 2393 Qui-

219 2422 372 2485 libet
414 2421 538 2483 hoc
581 2420 796 2482 facere
833 2427 1066 2509 potest,
1111 2429 1180 2483 ut
1224 2439 1390 2502 quae
1427 2422 1620 2487 lectio
1648 2421 1878 2504 quovis
1915 2421 2000 2485 N
2035 2421 2111 2481 Τ.
2149 2421 2316 2483 loco
2303 2419 2505 2482 anti-

221 2525 433 2610 quitus
477 2524 761 2587 maxime
800 2525 1068 2608 vulgata
1127 2524 1318 2586 fuerit
1356 2545 1394 2586 e
1441 2526 1794 2590 criticorum
1841 2505 2263 2588 subsidiorum
2282 2568 2306 2608 ,
2356 2524 2506 2607 qui-

220 2632 341 2692 bus
383 2631 569 2715 insit,
615 2648 873 2692 numero
917 2638 1098 2692 eruat
1145 2638 1515 2712 erutamque
1558 2631 1750 2692 textis
1793 2600 2023 2692 inferat
2042 2672 2066 2712 ,
2133 2629 2257 2690 nisi
2297 2617 2532 2691 utrum‘

219 2734 474 2817 linguae
514 2735 765 2817 legibus
832 2743 898 2796 et
944 2717 1268 2815 scriptoris
1323 2735 1583 2797 consilio
1640 2734 2027 2815 respondeat
2071 2752 2153 2796 an
2193 2739 2507 2815 repugnet

133 2864 141 2871 ·
221 2839 409 2901 simul
472 2837 846 2901 consideret.
955 2837 1137 2900 Nihil
1199 2838 1277 2899 ad
1345 2837 1509 2900 hanc
1563 2857 1696 2901 rem
1750 2838 2121 2921 requiritur,
2187 2842 2376 2918 quam
2435 2843 2507 2903 ut

221 2943 396 3005 scias
437 2940 607 3024 quod
652 2949 901 3022 tempus
929 2941 1417 3024 unumquodque
1461 2927 1815 3004 subsidium
1857 2942 2142 3005 criticum
2186 2938 2507 3023 pepererit
2618 2974 2625 2980 -

220 3054 289 3108 et
338 3063 530 3128 quum
574 3045 833 3108 codices
875 3054 1053 3107 recte
1097 3047 1565 3126 computaveris
1618 3064 1759 3107 eam
1804 3047 2159 3129 lectionem,
2212 3062 2403 3127 quam
2441 3043 2506 3108 iu

218 3150 504 3234 plurimis
528 3167 814 3211 summae
845 3150 1192 3211 vetustatis
1231 3148 1554 3211 codicibus
1576 3148 1920 3233 inveneris,
1953 3148 2237 3231 adoptes.
2282 3146 2507 3209 Unus-

221 3248 529 3337 quisque,
596 3243 889 3337 inquam,
913 3329 920 3337 ὁ
948 3252 1096 3315 huic
1141 3250 1538 3314 arithmetico
1593 3233 1848 3335 negotio
1890 3271 2007 3333 par
2050 3260 2183 3314 est:
2242 3251 2503 3334 Critico,

158 3349 165 3355 ’
221 3357 330 3440 qui
373 3356 440 3418 id
473 3357 764 3441 recipiat,
814 3376 936 3419 non
980 3355 1358 3439 indigemus.
1423 3355 1676 3419 Deinde
1711 3356 1886 3418 labor
1928 3354 2506 3419 abachmanno

219 3462 286 3523 in
329 3461 520 3523 istam
562 3479 695 3523 rem
741 3461 1054 3548 insumtus
1098 3462 1352 3522 inutilia
1396 3468 1518 3522 est.
1599 3442 1752 3524 Scio
1776 3461 2249 3540 diplomaticam
2289 3459 2503 3542 crisin,

104 3613 113 3619 .
220 3583 389 3649 quae
447 3582 487 3627 a
546 3566 855 3642 nonnullis
909 3564 1257 3648 Philologis
1316 3582 1481 3639 nunc
1542 3563 1808 3628 mirifice
1872 3565 2222 3648 extollitur,
2297 3563 2505 3629 virum

221 3670 476 3733 doctum
521 3688 824 3733 exercere
868 3670 1181 3752 voluisse,
1228 3686 1394 3750 quae
1439 3668 1728 3751 expulsis
1773 3667 2157 3750 conjecturis
2197 3666 2505 3730 lectiones

161 3794 165 3798 ·
222 3773 682 3856 antiquissimis
713 3782 792 3837 et
835 3773 1088 3856 optimis
1147 3772 1502 3836 codicibus
1499 3771 2026 3867 comprehensas
2060 3772 2126 3832 in
2166 3771 2505 3832 verborum

222 3877 441 3939 ordine
489 3879 791 3962 collocat,
859 3885 931 3940 ut
981 3878 1105 3941 hoc
1166 3878 1299 3939 nixi
1341 3854 1750 3939 fundamento
1792 3875 2015 3940 Critici
2054 3883 2229 3938 tanto
2268 3872 2504 3935 certius

222 3988 515 4061 corrupta
558 3982 897 4065 corrigere·
887 4025 910 4066 7
956 3982 1333 4063 interpretes
1376 3981 1646 4043 obscura
1692 3979 2038 4066 dilucidare
2079 3978 2360 4062 possint.
2414 3977 2506 4040 At

224 4083 290 4145 in
335 4083 425 4145 N.
471 4081 546 4144 Τ.
592 4102 678 4147 ex
720 4094 1026 4168 apparatu
1069 4086 1286 4149 critico
1336 4085 1608 4170 quisque
1653 4084 1979 4171 intelligit,
2044 4101 2237 4168 quam
2277 4082 2503 4147 lectio-

324 4295 383 4354 *J
420 4296 485 4344 cf.
522 4295 642 4344 ibid.
682 4307 734 4355 p.
775 4292 883 4345 820
916 4299 970 4345 et
1002 4292 1127 4346 εει.
1493 4353 1502 4360 ,

296 4401 382 4461 ’Ἴ
420 4399 487 4451 cl'.
525 4400 646 4453 ibid.
685 4413 736 4462 p.
772 4398 879 4451 817
919 4403 976 4451 et
1014 4399 1169 4451 1835.
1203 4415 1256 4465 p.
1293 4399 1413 4453 572.
