2984 5067
1151 376 1581 440 -47-

231 551 292 613 in
347 548 550 613 tribus
609 546 1038 611 tantummodo
1101 547 1427 612 codicibus
1489 558 1560 612 et
1618 550 1927 630 nonnullis
1984 550 2497 616 translationibus

226 654 522 716 inventas
588 651 923 734 peperisse
978 650 1043 713 in
1094 653 1421 733 propatulo
1476 662 1598 717 est.
1718 655 1894 717 Nam
1957 655 2066 737 qui
2125 657 2335 739 μοιχοὶ
2393 660 2498 719 καὶ

222 755 781 839 praetermiserunt
835 748 968 843 (A.
1013 754 1090 817 B.
1136 747 1290 842 13.)
1341 775 1381 819 a
1425 761 1745 843 ΜΟΙχοῖ
1803 761 1906 821 καὶ
1949 760 2033 822 ad
2073 765 2281 823 MOI
2283 764 2492 843 χαλί-

222 865 323 935 δες
388 861 594 925 oculis
655 861 1109 923 aberraverant
1124 903 1145 942 ‚
1212 867 1279 922 et
1338 860 1445 942 qui
1509 864 1613 925 καῖ
1669 865 2012 945 μοιχαλίδες
2072 865 2496 948 neglexerunt

222 959 423 1053 (Syr.
469 963 656 1046 Copt.
699 963 895 1026 Aeth.
940 963 1116 1025 Arm.
1161 962 1359 1048 Vulg.
1407 957 1652 1053 Corb.)
1692 974 1783 1029 M
1789 971 1893 1028 Ol
1904 969 2006 1051 χοὶ
2064 986 2206 1031 cum
2253 973 2402 1031 Mo
2417 976 2487 1031 I-

218 1071 458 1153 χαλίδες
519 1066 948 1131 confuderant.
1036 1066 1287 1129 Deinde
1333 1067 1837 1132 Christianorum
1880 1080 2104 1135 coetus
2145 1089 2311 1137 voce
2348 1096 2493 1150 μοι-

216 1175 474 1258 χαλίδες,
520 1162 944 1259 (adulterae)
989 1170 1264 1234 absurde
1306 1172 1801 1255 compellaretur.
1885 1174 2153 1238 Frustra
2209 1182 2494 1238 coortum

217 1287 282 1341 et
332 1277 772 1358 prostibulum
835 1272 1189 1337 obtenditur
1199 1317 1223 1357 ‚
1291 1294 1457 1357 quae
1525 1277 1730 1338 verba
1794 1278 1985 1340 etiam
2055 1278 2138 1341 de
2203 1281 2502 1341 maribus

214 1388 611 1463 usurpentur.
698 1378 964 1442 Scilicet
1003 1395 1220 1441 mares
1271 1377 1654 1463 significant,
1700 1381 1807 1462 qui
1843 1383 2185 1445 muliebria
2220 1388 2496 1464 patiun-

213 1493 334 1548 tur.
426 1484 520 1546 At
587 1484 930 1565 μοιχαλίδες
965 1482 1334 1560 adulterae,
1398 1502 1523 1545 non
1565 1501 1681 1545 eos
1727 1482 2013 1547 declarat
2028 1528 2051 1569 ,
2109 1487 2220 1569 qui
2261 1486 2494 1549 mulie-

213 1591 348 1653 bria
393 1588 730 1670 patiuntur.
818 1586 1089 1648 Temere
1133 1586 1324 1649 etiam
1368 1587 1451 1650 ad
1493 1584 1752 1648 Pindari
1816 1586 2008 1670 Pyth.
2050 1588 2117 1674 2,
2163 1589 2308 1653 140.
2351 1593 2491 1653 δια-

210 1695 430 1773 βολιᾶν
495 1689 843 1769 ὑποφάτιες
906 1697 973 1752 et
1033 1689 1118 1752 ad
1177 1709 1258 1752 ea
1313 1697 1725 1772 provocatum
1790 1699 1930 1773 est,
1997 1709 2163 1773 quae
2207 1711 2494 1756 summus

212 1798 731 1861 Hermannus
777 1789 1015 1875 Opusc.
1059 1792 1212 1877 vn,
1253 1812 1316 1875 p.
1367 1793 1510 1857 120.
1552 1793 1635 1857 de
1679 1794 1740 1856 h.
1772 1796 1811 1856 l.
1856 1795 2131 1879 scripsit.
2221 1794 2310 1860 Ut
2350 1800 2491 1861 δια-

211 1902 434 1982 βολιᾶν
476 1891 824 1979 ύποφιὶτιες
866 1898 1291 1979 incorruptum
1334 1897 1423 1959 sit
1471 1891 1979 1986 [Boeo-khius
2033 1899 2308 1983 conjecit
2348 1904 2491 1965 δια-

216 2004 442 2085 βολιᾶν
487 1993 921 2088 ύποφαύτιες]
939 2044 962 2084 ,
1032 1999 1299 2064 dubitari
1337 2009 1553 2063 tamen
1595 2011 1844 2086 potest,
1890 2022 1972 2065 an
2016 2007 2249 2067 summi
2289 2006 2493 2070 Her-

213 2127 273 2171 m
290 2128 386 2172 an
401 2107 485 2174 ni
524 2105 951 2188 interpretatio
994 2122 1156 2168 vera
1191 2103 1293 2166 sit.
1380 2104 1469 2165 Et
1510 2106 1706 2167 multo
1746 2114 1893 2186 post
1913 2106 2172 2171 Pindari
2212 2117 2492 2172 aetatem

217 2211 474 2296 tyranni
512 2209 890 2273 Sicilienses
931 2203 1013 2273 τοὶ
1018 2232 1049 2280 ς
1096 2209 1521 2288 ποταγωγίδας
1563 2208 2055 2293 constituerunt,
2124 2229 2289 2293 quae
2344 2230 2493 2276 cum

212 2335 379 2380 voce
424 2316 788 2395 μοιχαλίδες,
827 2333 958 2395 qua
997 2331 1214 2373 mares
1255 2319 1322 2373 et
1351 2315 1636 2392 feminae
1679 2314 2158 2392 compellentur,
2225 2314 2492 2378 conferri

210 2421 403 2502 plane
446 2426 785 2500 nequeunt.
874 2414 1124 2497 Quippe
1167 2419 1236 2478 αἱ
1272 2416 1678 2498 ποταγωγίδες
1736 2419 2020 2496 feminae
2055 2401 2261 2481 fuisse
2293 2418 2491 2502 vulgo

213 2523 556 2588 creduntur
595 2538 864 2603 eamque
906 2519 1286 2583 sententiam
1327 2538 1537 2604 nemo,
1603 2528 1901 2602 quantum
1950 2522 2109 2605 scio,
2164 2521 2490 2585 refutavit.

213 2628 504 2712 Ignavos
548 2634 616 2687 et
657 2624 1056 2688 effeminatos
1099 2624 1277 2686 viros
1323 2623 1599 2687 feminas
1641 2625 1951 2689 introduci
1994 2634 2247 2690 constat
2282 2624 2493 2715 (con-

213 2730 315 2794 fer
364 2729 755 2792 homericum
795 2724 1109 2812 Ἀχαιΐδες
1156 2723 1355 2791 οὐκέτ’
1395 2721 1717 2815 Ἀχαιοί),
1762 2729 1882 2792 scd
1927 2748 2010 2791 nc
2040 2729 2208 2793 hunc
2236 2731 2492 2812 quidem

212 2852 404 2897 usum
457 2833 513 2893 L
534 2830 952 2896 achmanni
987 2831 1323 2894 lectionem
1364 2832 1809 2895 commendare
1853 2840 2133 2914 apparet.
2219 2833 2382 2896 Tum
2425 2835 2492 2897 in
2535 2815 2542 2820 ’

210 2939 382 3000 nullo
426 2939 637 2998 codice
673 2955 907 3014 praeco
950 2936 1152 2997 verba
1194 2938 1299 2997 καῖ
1339 2937 1680 3017 μοιχαλίδες
1727 2933 1964 2997 deesse
1986 2935 2144 2997 mire
2171 2935 2491 3017 objectum

212 3050 338 3104 est.
418 3041 595 3102 Nam
635 3046 899 3101 veteres
939 3037 1295 3121 versiones,
1343 3055 1509 3119 quae
1548 3055 1731 3101 vocc.
1777 3040 1879 3100 καὶ
1921 3042 2257 3121 μοιχαλίδες
2299 3042 2493 3105 omit-

210 3151 375 3228 tunt,
418 3142 590 3205 haud
637 3142 827 3205 dubie
866 3141 1122 3225 graecis
1163 3140 1490 3206 codicibus
1532 3142 1825 3204 nituntur.
1904 3139 2142 3205 Cetera
2185 3143 2491 3206 'rheilii

210 3254 587 3332 argumenta
630 3237 745 3332 (V.
791 3262 845 3308 c.
893 3264 1015 3307 non
1059 3246 1264 3307 solere
1304 3244 1353 3307 J
1354 3246 1619 3309 acobum
1659 3245 1983 3306 mulierum
2029 3245 2329 3309 rationem
2363 3246 2492 3311 ha-

209 3354 367 3416 bere
450 3349 532 3415 cf.
596 3350 745 3413 Jac.
811 3349 879 3432 2,
949 3340 1102 3436 15.)
1171 3347 1367 3431 digna
1438 3367 1563 3410 non
1641 3355 1812 3432 sunt,
1889 3366 2055 3430 quae
2122 3349 2491 3413 refutentur.

208 3455 463 3519 Ibidem
516 3455 574 3516 L
595 3453 1101 3517 achmannus
1180 3471 1265 3516 ex
1336 3452 1399 3515 ¹7.
1481 3452 1679 3535 Vulg.
1750 3450 1942 3516 Corb.
2007 3454 2175 3517 male
2234 3454 2493 3537 scripsit

207 3561 374 3644 ἐχθρ
393 3557 436 3620 οἱ
499 3560 614 3621 τοῦ
671 3558 833 3620 θεοῦ
845 3605 868 3633 ,
935 3555 1102 3639 quod
1156 3574 1300 3620 cum
1358 3558 1529 3637 φιλία
1584 3557 1701 3620 τοῦ
1774 3556 2011 3635 κόσμου
2080 3577 2205 3620 non
2273 3559 2490 3622 consi-

206 3664 342 3728 stit.
435 3666 623 3726 Φιλία
664 3663 780 3724 τοῦ
833 3660 1069 3738 κόσμου
1130 3667 1198 3721 et
1233 3658 1437 3742 ἔχθρα
1481 3662 1594 3723 τοῦ
1638 3661 1795 3724 θεοῦ
1833 3660 2111 3723 invicem
2159 3678 2492 3742 opponun-

206 3775 331 3830 tur.
444 3760 712 3850 Ἐχθριῖ
778 3783 817 3827 e
877 3762 1183 3846 proximis
1250 3762 1468 3825 verbis
1529 3759 1773 3846 ἐχθρό
1791 3787 1823 3835 ς
1877 3763 1994 3825 τοῦ
2064 3763 2225 3826 θεοῦ·
2274 3770 2491 3826 natum

212 3878 337 3933 est.
408 3903 499 3917 -—
567 3868 897 3932 Librarios
960 3885 1075 3948 per
1136 3865 1601 3930 festinationem
1665 3866 1729 3928 iu
1808 3865 2219 3948 genuinorum
2283 3884 2491 3929 voca-

210 3975 501 4037 bulorum
564 3974 768 4036 locum
830 3989 1233 4050 synonymae
1307 3988 1509 4034 voces
1587 3968 1969 4032 substituere
2049 3969 2256 4031 solere
2327 3970 2491 4032 inter

212 4076 493 4141 Criticos
554 4083 822 4140 constat.
895 4072 1119 4137 ‚Haud
1174 4092 1383 4155 pauca
1444 4070 1808 4155 hujusmodi
1861 4089 2223 4154 synonyma
2237 4115 2261 4158 ,
2323 4090 2491 4155 quae

212 4180 448 4245 scribis
516 4180 788 4244 tribuere
851 4195 1038 4240 nemo
1100 4176 1520 4260 dubitaverit,
1598 4174 2171 4239 Lachmannus
2229 4177 2490 4257 recepit·

210 4284 256 4346 2
301 4282 450 4347 Cor.
516 4283 585 4367 8,
641 4282 705 4346 3.
761 4283 957 4366 vulgo
1013 4281 1173 4362 ϋπὲρ
1218 4278 1508 4358 δύναμιν,
1550 4278 2113 4344 Lachmannus
2160 4298 2245 4342 ex
2286 4279 2361 4340 Β.
2405 4279 2489 4341 1).

211 4387 291 4448 Ε.
321 4383 405 4451 G.
441 4387 521 4450 al.
571 4414 616 4451 π
637 4385 792 4471 apa*
838 4382 1121 4465 δύναμιν.
1166 4384 1515 4470 vulgatam
1560 4386 1933 4468 scripturam
1976 4384 2015 4446 l.
2062 4383 2106 4447 2
2139 4380 2287 4445 Cor.
2336 4379 2396 4463 l,
2422 4380 2489 4442 8.
