2984 5067
1152 392 1591 458 —17.-

230 566 410 638 man
426 587 575 635 nus
611 563 1004 634 orientalium
1042 566 1333 632 codicum
1371 566 1736 630 dissensum
1760 563 2132 647 Occidentis
2159 566 2520 631 testimonio

232 675 626 759 composuit,
669 681 740 737 ut
783 689 963 755 quae·
990 670 1115 734 hoc
1155 673 1397 734 munita
1456 673 1682 734 essent
1733 669 2067 760 probaret,
2110 688 2331 734 secum
2374 672 2518 754 ipse

200 763 208 770 ¹
235 781 507 844 discors.
569 776 770 841 Certe
810 783 1058 839 textum
1091 775 1256 837 inter
1287 772 1658 837 orientales
1688 774 1969 837 maxime
2000 776 2333 859 vulgatum
2363 776 2520 839 red—

235 886 560 967 integrare
620 897 843 944 secum
906 879 1345 943 constituerat.
1451 878 1522 941 A
1586 896 1711 961 quo
1754 895 1944 962 quum
2010 877 2524 943 occidentalium

238 995 484 1051 textum
528 985 854 1051 diversum
897 999 1052 1045 esse
1094 988 1412 1066 putasset,
1456 982 1626 1044 malo
1664 981 1949 1064 profecto
1994 1000 2162 1066 quae
2200 985 2523 1067 plerisque

241 1090 692 1154 Orientalibus
734 1086 1127 1170 placuissent
1193 1103 1280 1149 ex
1319 1086 1404 1147 iis
1444 1085 1816 1148 aestimavit
1832 1129 1856 1171 ,
1915 1103 2082 1171 quae
2132 1086 2527 1150 Occidenta-

241 1197 422 1258 libue
462 1195 723 1276 probata
759 1198 995 1252 essent.
1085 1190 1263 1251 Nam
1306 1189 1409 1271 si,
1454 1196 1527 1251 ut
1565 1187 2090 1254 Lachmanno
2142 1182 2356 1254 visum
2402 1201 2528 1276 est,

241 1306 464 1378 textus
520 1297 842 1360 orientalis
894 1300 961 1355 et
1018 1292 1431 1355 occidentalis
1496 1300 1714 1355 textus
1770 1293 2074 1375 primitivi
2126 1296 2313 1359 rivuli
2355 1303 2527 1372 sunt,

243 1402 356 1486 qui
398 1403 559 1486 alter
601 1400 742 1462 sine
785 1395 1045 1460 alterius
1089 1395 1475 1470 interventu
1520 1415 1560 1457 e
1620 1394 1793 1458 fonte
1844 1393 2137 1461 fluxerint
2180 1408 2423 1462 temere
2465 1408 2534 1463 et

244 1495 335 1570 ex
379 1501 666 1568 orientali
709 1509 914 1583 textu,
944 1489 1165 1580 ‘qualis
1205 1498 1619 1564 occidentalis
1662 1499 1851 1562 fuerit
1887 1511 1959 1565 et
2003 1522 2089 1565 ex
2136 1504 2535 1589 occidentali,

246 1609 456 1693 qualis
500 1605 832 1670 orientalis
857 1602 1047 1664 fuerit
1101 1601 1431 1666 decernas.
1511 1603 1648 1665 lmo
1690 1620 1734 1664 a
1775 1605 1898 1665 tali<
1928 1606 2231 1689 principio
2274 1607 2533 1689 profec—

248 1722 382 1777 tum
423 1708 605 1775 aliud⁴
627 1706 987 1771 orientales
1003 1749 1027 1790 ,
1084 1705 1255 1769 aliud
1300 1700 1756 1772 Occidentales
1811 1718 2117 1793 sequutos
2161 1727 2316 1774 esse
2352 1710 2533 1794 judi—

249 1831 406 1890 care
443 1824 704 1897 oportet.
753 1809 1008 1876 Deinde
1049 1810 1414 1872 versionem
1452 1810 1710 1872 latinam
1755 1816 1835 1877 ab
1873 1814 2266 1897 Hieronymo
2309 1833 2535 1878 emen...

253 1918 508 2004 datam·,
567 1938 734 2003 quae
791 1927 1069 1984 mixtum
1131 1930 1376 1986 textum
1423 1924 1768 2005 praebeat,
1791 1923 1794 1924 ’
1821 1920 2183 2002 ubicunque
2233 1921 2313 1983 ab
2357 1920 2538 1984 occi-

254 2023 490 2088 dentali
553 2019 857 2086 lectione
894 2024 1193 2109 recedat,
1261 2043 1451 2108 quum
1517 2027 1606 2089 ibi‘
1665 2042 2040 2109 graecorum
2103 2022 2394 2087 codicum
2453 2025 2536 2088 ab

248 2127 642 2211 Hieronymo
687 2129 1113 2191 consultorum
1135 2129 1511 2210 scripturam
1541 2129 1901 2210 exprimere
1939 2126 2268 2209 videatur,
2316 2131 2537 2190 orien-

250 2232 444 2292 talem
482 2238 727 2293 textum
759 2229 992 2295 offerre
1034 2234 1192 2295 mire
1227 2232 1529 2295 Lachm
1549 2248 1791 2294 annus
1841 2228 2164 2291 contendit
2201 2224 2315 2318 (v.
2349 2228 2532 2294 stud.

247 2352 311 2400 u.
350 2333 513 2395 Krit.
556 2332 745 2398 1830.
785 2355 845 2416 p.
889 2333 1022 2398 834
1054 2326 1225 2422 sq.)
1292 2336 1362 2397 N
1363 2354 1595 2416 amque
1632 2333 1994 2395 versionem
2038 2333 2119 2394 ab
2142 2333 2536 2417 Hieronymo

248 2436 652 2501 emendatam
691 2438 899 2503 adhuc
942 2440 1341 2521 quaerimus:
1407 2457 1487 2501 ea
1530 2426 1957 2501 tantummodo
1974 2480 1997 2520 ,
2055 2455 2222 2522 quae
2265 2457 2535 2501 sensum

247 2548 495 2604 mutare
533 2542 683 2605 visa
727 2550 949 2605 essent
963 2586 987 2625 ,
1053 2561 1131 2605 se
1173 2563 1235 2605 ,ε
1276 2544 1607 2605 veteribus
1652 2539 1976 2605 codicibus
2018 2543 2276 2625 graecis
2318 2562 2536 2607 eorre-

246 2645 454 2730 xisse,
496 2646 742 2728 reliqua
782 2664 1043 2709 manere
1084 2664 1351 2732 passum
1395 2654 1467 2708 ut
1503 2646 1781 2709 fuissent
1822 2646 1966 2727 ipse
2012 2646 2298 2708 narravit
2338 2648 2534 2712 Hie-

247 2767 632 2834 ronymus
677 2741 939 2837 [Praef.
984 2751 1048 2813 in
1087 2741 1478 2839 Evangg.],
1523 2750 1694 2812 unde
1732 2750 1798 2811 in
1840 2743 2253 2834 lectionibus,
2298 2752 2531 2833 quibus

249 2854 568 2917 sententia
629 2873 754 2916 non
815 2860 1120 2938 mutatur,
1210 2861 1452 2915 temere
1516 2852 1599 2916 ad
1657 2853 2035 2937 Hieronymi
2091 2853 2534 2918 auctoritatem

246 2951 581 3037 provocari
623 2956 1028 3021 manifestum
1064 2967 1203 3021 est:
1268 2966 1586 3040 postremo
1631 2964 1892 3018 veteres
1935 2954 2194 3019 codices
2224 2976 2529 3044 graecos,

246 3077 411 3141 quos
467 3060 899 3143 Hieronymus
960 3061 1024 3123 in
1084 3062 1411 3124 consilium
1473 3059 1796 3140 adhibuit,
1855 3061 2234 3120 orientalem
2293 3065 2527 3150 potius,

247 3161 440 3242 qu'am
467 3162 921 3226 occidentalem
954 3164 1617 3250 textum—continuisse
1647 3160 1931 3247 precario
1956 3160 2013 3220 L
2029 3179 2069 3222 a
2087 3162 2471 3229 chmannu
2490 3186 2529 3230 s

246 3255 529 3327 sumsit(
612 3266 776 3329 Huc
822 3267 1072 3331 aceedit
1129 3271 1379 3330 summa
1421 3260 1927 3330 L‘achmanni
1982 3265 2402 3334 inconstantia
2456 3248 2524 3334 et

245 3366 592 3431 festinatio.
646 3369 850 3463 ¹Nam
888 3371 996 3453 qui
1032 3371 1417 3448 historicam,
1463 3375 1631 3453 quae
1665 3388 1788 3431 non
1825 3376 1965 3432 arte
1990 3388 2218 3432 verum
2251 3382 2522 3460 erueret,

245 3470 370 3534 sed
412 3467 659 3535 nonnisi
700 3493 861 3536 casu
898 3475 968 3536 in
1009 3492 1236 3537 verum
1282 3474 1592 3538 incideret
1644 3467 1778 3562 [cf.
1816 3473 1999 3538 stud.
2039 3494 2101 3537 u.
2135 3475 2301 3539 Krit.
2332 3476 2526 3543 183st

245 3594 308 3657 p.
353 3573 487 3637 838
508 3563 680 3666 sq.)
728 3586 794 3639 et
837 3587 985 3660 apta
1022 3577 1211 3660 juxta
1252 3587 1445 3660 atque
1487 3579 1702 3660 inepta
1757 3596 1796 3639 e
1836 3577 2299 3642 vetustissimis
2339 3583 2524 3644 eodi-

244 3679 428 3742 cibus
487 3674 821 3761 reponeret
834 3725 857 3765 ,
926 3681 1121 3745 crisin
1177 3680 1509 3762 professus
1570 3688 1751 3744 esset
1764 3723 1788 3765 ,
1850 3699 2016 3744 nunc
2070 3683 2379 3764 propositi
2416 3687 2522 3748 sui

245 3800 489 3845 memor
536 3784 939 3866 turpissimas
962 3785 1254 3850 codicum
1288 3802 1545 3847 suorum
1576 3784 1978 3866 stribligines·
2006 3785 2315 3867 suscepit,
2345 3803 2526 3853 ‘nune

245 3885 495 3949 consilii
537 3887 639 3952 sui
661 3889 911 3974 oblitus,
946 3893 1202 3971 apertos
1231 3887 1458 3976 calami
1501 3889 1749 3950 errores
1774 3895 1840 3949 et
1877 3884 2217 3951 manifesta
2257 3889 2523 3970 glosse-

243 3997 420 4054 mata
464 4010 505 4053 e
544 3996 1008 4055 recentioribus
1071 3991 1246 4054 libris
1259 4034 1283 4076 ,
1341 3990 1572 4072 quibus
1636 3990 1727 4053 uti
1778 3990 1966 4071 plane
2023 4008 2151 4053 non
2192 3990 2523 4081 debuerat,

458 4233 763 4300 editoribus*
802 4251 1115 4313 saepissime
1162 4253 1385 4302 recessu
1431 4250 1486 4301 in
1524 4253 1724 4302 textum
1773 4249 1972 4312 recepit
1989 4284 2010 4318 ‚
2063 4253 2527 4314 praestantissimas

452 4335 571 4386 dieo
588 4370 611 4405 ,
675 4337 865 4400 quippe
921 4351 1049 4399 quas
1097 4335 1566 4412 announssssimorm
1610 4349 1884 4399 coramque
1934 4338 2236 4396 ommonem
2271 4343 2525 4409 oodicwn,

454 4425 751 4484 versionum
787 4423 840 4475 ἐι
877 4431 1081 4484 mmm
1115 4423 1382 4492 ruffinam
1415 4426 1770 4484 conprobata·
1803 4423 2349 4555 intellegimmss‘
2383 4433 2488 4478 ete.
