2984 5067
1114 364 1546 429 ...39-

192 539 433 605 Christi
479 541 560 603 de
600 539 777 604 coelo
818 533 1133 628 reditum)
1175 542 1508 603 moriemur
1557 533 1687 625 (cf.
1741 538 1771 601 1
1814 538 1959 603 Cor.
2004 540 2104 625 10,
2147 536 2298 631 11),
2345 542 2463 605 sed

188 664 411 707 omnes
455 637 950 727 immutabimur,
996 644 1497 726 quandoquidem
1544 644 1888 707 immortale
1936 662 2164 726 corpus
2207 647 2467 708 mortuis

72 801 75 802 γ
188 769 270 812 ex
314 750 535 814 inseris
577 748 989 810 redeuntibus
1032 747 1320 831 dabitur,
1365 747 1875 830 superinjicietur
1917 746 2286 812 viventibus
2332 742 2465 838 [cf.

190 872 255 912 v.
299 852 408 915 52.
452 853 498 914 2
543 852 687 915 Cor.
708 851 774 936 5,
819 852 881 911 4.
933 850 963 911 1
1017 849 1251 912 Thess.
1288 850 1353 934 4,
1402 842 1726 938 15-17.)
1803 849 1978 913 Vide
2018 850 2228 913 Lxx.
2275 853 2465 916 Num.

187 954 478 1038 23,1:3.
523 956 706 1037 δεῦρο
754 955 845 1018 ἔτι
888 954 1015 1034 μετ’
1066 954 1218 1034 ἐμοῦ
1276 961 1361 1028 εἰς
1406 954 1604 1018 τόπον
1648 955 1888 1037 ἄλλον,
1942 956 2008 1031 ἐξ
2055 951 2132 1018 οὗ
2182 956 2293 1020 οὐκ
2336 955 2469 1040 ὄψῃ

189 1056 386 1125 αὐτόν
436 1048 596 1146 [τᾶν
633 1059 871 1140 Ἰσραήλ
938 1076 1003 1119 v.
1048 1050 1198 1145 10.)
1246 1066 1527 1142 ἐκεῖθεν,
1574 1058 1707 1121 ἀλλ’
1760 1058 1801 1133 ἤ
1843 1065 2028 1142 μέρος
2071 1058 2270 1123 αὐτοῦ
2317 1060 2470 1145 ὄψῃ,

190 1164 503 1236 πάντας
550 1167 632 1226 δὲ
700 1162 782 1227 ου’
825 1187 905 1242 μ»,
953 1160 1171 1244 ιδῃς,
1235 1169 1336 1225 καὶ
1395 1162 1746 1245 κατάρασαί
1799 1187 1905 1242 μοι
1971 1157 2165 1226 αὖτὸν
2211 1170 2470 1228 ἐκεῖθεν.

188 1268 495 1347 Disputat
537 1274 751 1327 autem
787 1263 864 1326 P.
913 1263 993 1327 de
1031 1269 1161 1344 piis
1210 1263 1638 1350 Christianis,
1682 1267 2032 1356 impiorum²
2077 1265 2309 1348 quibus
2349 1286 2470 1360 ue-

188 1389 318 1454 que
355 1369 704 1434 immortale
746 1386 976 1450 corpus
991 1410 1014 1450 ,
1059 1367 1320 1431 filiorum
1368 1369 1490 1431 Dei
1523 1367 1736 1433 decus
1749 1411 1774 1453 ,
1819 1387 2029 1452 neque
2068 1368 2248 1450 regni
2290 1388 2471 1440 mes-

189 1471 360 1535 siani
395 1472 632 1535 civitas
673 1471 1059 1535 concedetur
1099 1463 1333 1559 (Rom.
1375 1472 1464 1555 8,
1508 1470 1615 1533 21.
1679 1472 1711 1533 1
1759 1469 1909 1534 Cor.
1956 1468 2077 1554 15,
2126 1466 2285 1559 50),
2326 1477 2472 1538 uul-

190 1578 321 1640 lam
381 1576 691 1638 rationem
732 1574 945 1640 habet.
1030 1575 1212 1638 Belle
1270 1575 1460 1660 igitur
1524 1574 1712 1638 lectio
1763 1575 2043 1658 vulgata
2105 1601 2248 1646 cum
2290 1579 2473 1642 Pauli

191 1680 462 1743 formula
506 1678 839 1763 congruit,
903 1678 963 1740 si
1022 1697 1166 1741 eam
1209 1697 1334 1761 quo
1379 1678 1651 1742 fecimus
1693 1677 1879 1775 modo
1930 1684 2315 1764 explicueris
2359 1675 2474 1771 (v.

192 1786 389 1847 etiam
424 1781 1037 1845 Theodoretum
1079 1790 1149 1844 et
1183 1781 1282 1845 de
1318 1777 1794 1872 Wettium}
1852 1785 2034 1904 Male
2071 1787 2475 1871 Meycrus

195 1888 271 1954 οὖ
323 1905 468 1952 cum
514 1885 1049 1967 κοιμηθησόμεθα
1108 1894 1288 1950 arcte
1329 1887 1728 1950 consociavit
1771 1886 1834 1964 11.
1879 1906 1995 1952 111.·
2063 1911 2284 1954 omnes
2329 1890 2476 1975 qui-

196 1993 349 2055 dem
394 2009 529 2052 non
569 1995 914 2052 moramur
956 1982 1044 2078 (i.
1092 2010 1150 2051 e.
1196 2007 1402 2071 usque
1445 1987 1529 2051 ad
1576 1988 1816 2053 Christi
1862 1993 1943 2057 de
1984 1997 2186 2059 coelo
2208 1995 2476 2058 reditum

194 2087 574 2182 vivemus),
615 2092 735 2156 sed
758 2111 979 2157 omnes
1021 2091 1498 2156 immutabimur.
1543 2093 1886 2157 Neminem
1928 2115 2164 2181 eorum,
2185 2133 2192 2140 ·
2210 2099 2318 2179 qui
2348 2105 2481 2159 tum

194 2199 535 2283 viverent,
582 2205 731 2261 ante
776 2195 1017 2261 Christi
1066 2196 1149 2259 de
1191 2195 1370 2259 coelo
1413 2194 1680 2258 reditum
1722 2196 1889 2259 diem
1928 2216 2291 2279 supremum
2336 2201 2483 2264 obi·
2564 2192 2570 2198 ’

196 2313 413 2366 turum
476 2320 628 2364 esse
669 2301 910 2364 Paulus
974 2300 1193 2384 dicere
1251 2317 1377 2367 uon
1438 2299 1680 2383 potuit,
1752 2299 1837 2364 cf.
1889 2300 1921 2362 1
1971 2300 2121 2364 Cor.
2187 2301 2315 2387 11,
2370 2300 2477 2367 30.

198 2405 502 2469 Lachm
520 2423 777 2468 annus
816 2424 902 2468 ex
942 2405 1020 2468 C.
1071 2395 1198 2487 1¹7„
1243 2400 1528 2495 Origene
1566 2405 1669 2487 11,
1717 2423 1778 2485 p.
1817 2403 1968 2467 552.
2014 2404 2340 2469 codicibus
2373 2417 2479 2492 gr.

201 2508 379 2591 apud
421 2507 722 2572 Rufinum
743 2553 767 2592 ,
815 2499 1271 2590 Hieronymum
1288 2550 1312 2592 ,
1358 2506 1691 2593 Pelagium
1708 2553 1732 2595 ,
1783 2505 2239 2574 oecumenium
2281 2511 2484 2575 alios-

203 2632 337 2697 que
381 2611 580 2676 edidit
623 2609 852 2687 ποίνυες
900 2611 1074 2693 [μὲν]
1136 2614 1709 2700 κοιμηθησόμεθα,
1773 2613 1855 2679 οὐ
1906 2614 2133 2688 πάντες
2177 2620 2245 2679 δὲ
2288 2616 2482 2679 ἄλλα·

207 2716 576 2801 γησόμεθα,
632 2716 966 2780 lectionem
1028 2714 1095 2780 G
1115 2716 1594 2780 riesbachio
1624 2709 1627 2713 “
1653 2719 1998 2799 probatam.
2086 2718 2273 2781 Haec
2316 2720 2485 2781 scri-
2587 2745 2591 2750 ·

203 2828 428 2902 ptura,
472 2820 531 2882 si
572 2838 716 2883 eam
738 2863 761 2903 ,
802 2829 873 2883 ut
915 2820 1111 2902 vulgo
1153 2818 1418 2902 faciunt,
1464 2819 1963 2905 interpunxeris,
2010 2821 2288 2883 absurda
2326 2835 2487 2883 sane

207 2931 359 2987 est:
379 2924 552 2986 Nam
595 2925 861 3005 primum
898 2922 1151 3005 quidem
1173 2921 1435 3005 Paulus,
1487 2923 1596 3003 qui
1630 2914 1994 3006 priusquam
2031 2925 2204 2986 multi
2242 2931 2487 3008 a'equa-

206 3029 313 3090 les
357 3046 396 3091 a
437 3028 575 3090 vita
630 3027 941 3089 abiissent
972 3034 1065 3090 .et
1090 3036 1098 3044 '
1122 3027 1262 3108 ipse
1317 3045 1403 3088 ex
1462 3043 1543 3088 ea
1586 3028 1988 3089 excessisset
2029 3027 2378 3092 Christum,
2407 3028 2490 3091 de

211 3131 397 3196 coelo
458 3130 536 3192 ‘in
599 3138 902 3193 terrarum
959 3129 1175 3192 orbem
1236 3129 1576 3193 rediturum
1647 3148 1799 3191 esse
1861 3128 2045 3191 firme
2111 3130 2491 3193 credidisset

215 3225 307 3322 (1
358 3233 507 3335 Cor.
556 3235 673 3311 10,
723 3233 823 3295 11.
875 3233 905 3296 1
954 3229 1189 3295 Thess.
1233 3233 1345 3317 4,·
1387 3224 1754 3322 15-17.),
1798 3240 1864 3296 et
1907 3232 2115 3314 ipsum
2160 3241 2227 3295 et
2270 3251 2492 3295 omnes

96 3413 103 3420 ,
214 3356 375 3401 suos
419 3338 724 3420 aequales
746 3345 1030 3400 mortem
1087 3329 1366 3399 obituros
1410 3355 1564 3401 esse
1605 3330 1883 3427 (πάντες
1940 3342 2049 3417 μὲν
2102 3362 2283 3419 κοιμη
2294 3331 2492 3420 θησό-

216 3434 444 3530 μεθα)
488 3440 805 3504 affirmare
848 3459 974 3502 non
1010 3440 1228 3522 potuit.
1298 3437 1550 3505 Deinde
1584 3442 1777 3507 etiam
1821 3444 2085 3505 alterum
2125 3443 2494 3536 membrum,

222 3547 298 3611 οὐ
348 3545 576 3619 πάντες
616 3549 685 3610 δὲ
725 3540 1260 3628 ἀλλαγησόμεθα,
1302 3544 1484 3608 Pauli
1528 3548 1883 3610 sententiae
1929 3554 2254 3630 repugnat.
2306 3547 2495 3610 Nam

50 3631 55 3638 “
96 3691 103 3698 ·
219 3651 268 3731 η’
311 3649 554 3732 ἀλλαγή
571 3695 611 3748 ,·
633 3648 715 3711 de
759 3648 886 3730 qua
928 3649 1196 3730 loquitur
1213 3692 1237 3733 ,
1282 3656 1386 3711 est
1433 3649 1674 3730 piorum
1720 3648 2220 3713 Christianorum
2263 3649 2496 3711 immu-

224 3753 422 3839 tatio>
488 3770 617 3835 qua
672 3752 925 3834 1181110
984 3751 1315 3834 fragilibus
1381 3751 1773 3832 corporibus.
1807 3752 2182 3814 immortalia
2235 3763 2497 3842 corpor?

120 3891 127 3896 ·
224 3858 540 3922 dabuntur
583 3853 718 3946 [cf.
778 3876 843 3920 V.
890 3854 996 3919 50.
1041 3854 1148 3917 52.
1192 3850 1373 3943 53..)
1460 3857 1707 3938 Itaque
1746 3855 1974 3927 πάντες
2030 3858 2097 3918 δὲ
2144 3854 2496 3938 ἀλλαγησό-

223 3970 402 4045 μεθα
444 3959 646 4024 Paulo
703 3959 1037 4024 dicendum
1098 3967 1268 4023 erat:
1334 3977 1555 4022 omnes
1609 3968 1819 4021 autem
1866 3950 2019 4045 (up.
2084 3958 2189 4041 qui
2232 3958 2499 4022 civitate

223 4065 551 4128 messiaua
593 4063 772 4148 digni
811 4064 1014 4126 simus
1029 4106 1053 4147 ‚
1110 4071 1220 4126 aut
1263 4063 1369 4146 qui
1411 4065 1520 4146 pie
1561 4064 1912 4126 vixerimus
1956 4080 2022 4127 v,
2063 4061 2168 4126 50.
2171 4053 2221 4151 J
2266 4062 2499 4126 immu-

223 4168 499 4233 tabimur
513 4211 537 4252 ‚
607 4168 746 4232 scil.
804 4155 1029 4229 mortui
1092 4168 1194 4229 sic
1206 4209 1230 4251 ,
1290 4174 1361 4229 ut
1415 4167 1477 4230 in
1532 4167 1735 4229 vitam
1774 4166 2115 4230 redeuutes
2155 4159 2502 4230 imm'ortale

225 4289 460 4354 corpus
503 4272 856 4354 accipiant,
900 4271 1205 4333 viventes
1242 4271 1372 4354 ita,
1434 4278 1507 4334 ut
1552 4271 1917 4334 mortalibus
1962 4265 2179 4331 eorum
2221 4269 2501 4351 corpori-

226 4378 352 4464 bus
397 4376 771 4440 immortalia
811 4392 1072 4457 corpora
1114 4381 1410 4459 tanquam
1453 4373 1645 4456 pallia
1687 4373 2238 4458 superinjiciontur
2255 4416 2298 4456 ,ᾗ
2338 4391 2502 4456 quae
