2984 5067
1444 341 1879 435 410.-

520 543 806 609 codicnm
847 542 1311 609 fluctuationem
1355 535 1445 608 in'
1481 543 1758 607 editione
1787 544 2305 623 gracco-latina,
2375 562 2564 629 quam
2616 564 2797 632 paro,

519 649 601 712 ob
646 650 865 712 oculos
911 666 1159 731 ponam.
1248 647 1466 709 Editio
1508 667 1652 710 mea
1689 651 2053 729 ster-ectypa
2098 650 2382 712 seclusio
2420 652 2814 713 occidero--
2847 697 2860 706 .

448 772 455 778 ·
515 754 843 815 talibus
906 752 1296 814 lectionibus
1353 751 1558 831 plane
1630 753 2138 815 orientalem
2203 761 2454 817 tea-tum
2508 755 2794 835 praebet.

514 854 781 920 Scilicet
820 874 1014 939 quum
1053 854 1482 919 occidentales
1525 855 1833 919 lectiones
1890 850 2106 918 multis
2169 857 2328 920 locis
2371 859 2606 938 latine,
2669 877 2797 920 non

511 978 749 1044 graece
764 1003 787 1043 ,
859 959 938 1022 ad
984 978 1103 1021 nos
1144 959 1593 1041 pervenissent
1610 1000 1636 1043 ,
1704 967 1813 1022 aut
1869 958 2066 1022 latina
2105 962 2313 1023 verba
2354 980 2500 1025 cum
2535 963 2796 1046 graecis

511 1063 787 1128 conflare
831 1072 941 1126 aut
982 1063 1174 1125 latina
1217 1063 1533 1126 vocabula
1574 1065 1638 1124 in
1674 1080 1975 1146 graecam
2015 1064 2295 1147 linguam
2335 1066 2477 1147 ipse
2516 1084 2795 1129 conver-

510 1176 647 1231 tere
708 1167 1109 1263 debuissem,
1178 1165 1346 1249 quod
1408 1164 1628 1229 facere
1686 1166 1873 1228 nolui.
1964 1163 2471 1232 occidentalium
2535 1170 2794 1239 testium

513 1272 879 1335 dissensum
922 1270 1315 1332 orientalium
1355 1287 1674 1334 consensu
1715 1270 2001 1352 neglexi:
2042 1272 2164 1333 sed
2195 1274 2604 1341 ommatium
2645 1293 2792 1336 mo·-

510 1383 965 1439 nummorum
1009 1375 1379 1434 dissensum
1425 1355 1798 1435 Occidentis
1866 1379 2229 1437 testimonio
2288 1384 2654 1456 composui,
2717 1387 2795 1441 ut

510 1499 677 1561 quae
719 1479 841 1539 Ιιοο
896 1481 1271 1554 confirmata
1331 1484 1557 1538 cuent
1596 1478 2052 1556 amplecterer..
2122 1478 2372 1543 Vocem
2431 1490 2545 1556 aut
2583 1500 2792 1545 enun-

511 1583 834 1647 tiationem
877 1582 939 1644 in
983 1589 1113 1644 toto
1159 1578 1658 1644 Christianorum
1702 1582 1855 1643 orbe
1909 1590 1977 1644 et
2020 1582 2250 1645 lectam
2286 1592 2356 1645 et
2393 1603 2516 1646 non
2557 1585 2795 1649 lectam

509 1688 692 1751 uncis
736 1687 963 1750 inclusi
1005 1693 1075 1765 ut
1102 1681 1408 1766 incertam
1442 1690 1509 1745 et
1544 1701 1709 1766 quae
1747 1685 2035 1747 omnibus
2075 1686 2232 1749 locis
2266 1688 2501 1768 pariter
2537 1688 2793 1752 discre-

509 1798 735 1873 parent
776 1790 866 1851 ita
910 1779 1191 1851 indicavi
1208 1830 1231 1870 ‚
1297 1793 1368 1848 ut
1414 1805 1619 1848 unam
1676 1788 2012 1850 lectionem
2064 1790 2127 1850 in
2170 1781 2348 1853 textu
2393 1793 2791 1879 collocarem,

509 1903 764 1959 ceteras
805 1893 871 1953 in
906 1891 1192 1974 margine
1223 1908 1522 1971 ponerem
1559 1891 1845 1972 paritatis
1888 1893 2073 1975 signo
2113 1893 2387 1979 adjecto,
2432 1895 2793 1979 ubicunque

513 2006 625 2060 aut
660 1997 875 2078 plures
907 2002 1151 2077 essent,
1197 2002 1310 2056 aut
1344 1994 1635 2056 lectionis
1677 1994 1871 2056 textis
1914 1997 2127 2058 illatae
2154 1999 2603 2083 repetitionem·
2629 2019 2797 2081 per-

511 2099 821 2183 spicuitas
868 2097 1307 2181 poposcisset.
1369 2089 1503 2185 [cf.
1554 2098 1703 2163 ibid.
1747 2117 1809 2180 p.
1837 2098 1970 2161 826
2000 2107 2066 2161 ct
2107 2095 2309 2188 82⁸7.)
2400 2104 2593 2167 Nunc
2628 2122 2795 2185 opes

509 2223 695 2269 meas
735 2202 992 2268 criticas
1026 2198 1562 2285 magnificumque
1593 2220 1803 2264 meum
1833 2212 2200 2285 apparatum
2229 2206 2583 2287 explicabo.
2630 2208 2797 2271 Ma·-

505 2308 799 2392 jusculis,
865 2307 972 2389 qui
1014 2306 1384 2368 orientalem
1424 2313 1668 2368 textum
1710 2304 2026 2392 habeant,
2096 2309 2422 2373 codicibus
2464 2295 2566 2372 his
2606 2318 2794 2377 utorx

510 2415 595 2477 A.
641 2414 715 2473 B.
755 2409 833 2476 C.
877 2410 953 2472 P.
996 2407 1073 2487 Q.
1119 2408 1317 2471 ⁷1¹.·z.
1361 2416 1426 2470 et
1468 2409 1531 2469 in
1576 2408 1764 2471 Pauli
1805 2409 2095 2490 epistolis
2144 2410 2795 2496 fragmento'codicis

512 2514 822 2578 Coisliani
879 2513 1012 2576 202
1077 2503 1283 2600 (H.)
1390 2509 1621 2574 Codex
1683 2512 2197 2600 Alexandrinus,
2254 2515 2576 2579 Woidii
2635 2536 2797 2583 cura

509 2619 688 2702 typis
734 2596 1096 2697 exscriptus
1122 2613 1393 2676 Londini
1444 2613 1630 2677 1786.
1666 2614 1797 2697 sol„
1848 2623 2100 2679 tantum
2143 2638 2280 2681 non
2322 2622 2558 2702 ubique
2600 2621 2797 2703 ejus-

511 2723 683 2788 modi
727 2731 830 2785 est
847 2764 872 2806 ,
937 2728 1008 2783 ut
1052 2718 1332 2782 criticus
1380 2737 1459 2780 eo
1523 2717 1793 2781 fidenter
1833 2729 2068 2782 utatur:
2132 2724 2389 2786 mutilus
2432 2729 2644 2788 tamen
2683 2736 2798 2791 est
2843 2796 2852 2804 ,

511 2818 743 2892 matth.
791 2825 868 2909 1,
913 2822 1169 2906 1—25,
1213 2822 1275 2883 6.
1339 2820 1488 2884 Joh.
1530 2822 1610 2906 6,
1678 2820 1929 2909 50-8,
1974 2824 2080 2888 52.
2170 2825 2436 2891 Codicis
2482 2828 2796 2895 Vaticani

511 2924 1099 3021 [B.)·collationes
1143 2945 1183 2989 a
1215 2925 1351 2988 Th.
1394 2926 1773 3008 Bentlejo
1813 2937 1879 2990 et
1919 2928 2251 2993 Birchio
2294 2930 2507 2995 factae
2546 2931 2828 3012 Critico‘

507 3036 766 3101 minime
823 3031 1266 3113 satisfaciunt3
1332 3031 1396 3092 ei
1439 3040 1650 3093 autem
1668 3075 1691 3116 ,
1756 3031 1912 3114 qua,
1941 3030 2392 3098 Scholzius
2452 3051 2611 3099 usus
2657 3040 2793 3122 est,

507 3159 731 3205 omnes
773 3138 939 3201 fides
981 3134 1348 3221 abroganda
1403 3144 1526 3198 est.
1615 3135 1960 3199 Praeterea
2019 3138 2294 3219 optimus
2334 3139 2541 3202 codex
2583 3141 2794 3204 Hebr.

505 3231 607 3332 9,'
634 3246 735 3312 14.
785 3241 1037 3332 desinit.
1120 3240 1462 3323 Reliquam
1527 3239 1721 3322 hujus
1775 3241 2093 3322 ‘epistolae
2143 3251 2387 3322 partem
2434 3251 2499 3305 et
2539 3230 2795 3325 apoca-
2851 3281 2862 3288 ·

505 3350 725 3433 lypsin
764 3363 993 3409 manus
1031 3344 1226 3405 multo
1250 3344 1583 3405 recentior
1624 3345 1947 3425 supplevit
1984 3354 2066 3438 et·
2081 3341 2391 3428 epistolae
2438 3347 2522 3409 ad
2558 3349 2794 3410 'l'imo-

503 3453 746 3535 theum,
792 3449 1003 3510 Titum
1048 3453 1113 3506 et
1133 3443 1565 3533 Philemonem
1611 3446 1796 3526 plane
1839 3447 2087 3510 desunt.
2142 3452 2344 3514 Multo
2386 3451 2595 3516 minus
2640 3451 2796 3515 Co·-
2931 3457 2932 3462 ’

505 3556 636 3620 dex
678 3549 1027 3633 Ephraemi
1068 3548 1416 3630 rescriptus
1465 3540 1643 3638 (C.)
1663 3592 1689 3634 ,
1737 3551 1839 3612 bis
1884 3570 1925 3613 a
1966 3546 2456 3630 Wetsteniso
2499 3556 2795 3619 ‘collatus

502 3660 587 3725 cf.
633 3659 666 3718 1
684 3700 708 3744 ,
754 3676 816 3739 p.
871 3652 998 3717 153
1016 3696 1040 3738 ‚
1090 3651 1198 3735 qui
1243 3651 1331 3718 V.
1377 3661 1444 3715 et
1476 3655 1565 3716 N.
1596 3653 1670 3715 T.
1701 3650 2073 3736 fraymenta
2114 3659 2425 3743 continet,
2472 3658 2795 3722 Criticum

501 3764 790 3847 adjuvat.
848 3758 935 3822 Ut
967 3757 1201 3821 multae
1232 3771 1435 3819 voces
1470 3755 1788 3820 evanidae
1835 3778 2054 3848 rursus
2102 3771 2450 3844 appareant
2488 3761 2796 3826 chemica

497 3868 958 3932 medicamenta
978 3859 1364 3934 adhibenda.
1378 3869 1559 3942 sunt3
1602 3868 1751 3924 tum·
1773 3869 1949 3925 totus
1990 3866 2196 3928 codex
2238 3868 2414 3948 typis
2457 3873 2791 3950 exaretur.

496 3972 936 4054 Epistularum·
946 3966 1348 4029 Paulinarum
1385 3963 1742 4048 fragmenta
1773 3966 2012 4029 codicis
2042 3968 2352 4032 Coisliani
2374 3962 2583 4059 (Η),
2609 3988 2793 4053 qnae

496 4070 1203 4139 Montefalconius
1245 4066 1482 4158 edidit,
1552 4087 1676 4130 non
1719 4070 1979 4132 multum
2022 4071 2191 4154 quod
2234 4075 2379 4136 usui
2418 4074 2541 4159 sit,
2603 4074 2792 4146 affe-

493 4186 654 4244 runt.
740 4175 1012 4237 Meliora
1073 4180 1222 4235 sunt
1281 4171 1759 4255 evangeliorum
1813 4172 2168 4257 fragmenta
2212 4172 2791 4259 Guelpherbitunis

493 4282 819 4347 codicibus
861 4276 1186 4357 rescriptis
1220 4271 1356 4366 (P.
1401 4267 1530 4362 Q.)
1576 4276 2055 4364 comprehensa,
2101 4298 2268 4364 quae
2306 4280 2790 4345 Knittelius

491 4388 581 4450 ita
625 4383 800 4470 typis
837 4378 1164 4445 exaranda
1204 4378 1497 4464 curavit,
1537 4381 1635 4442 ‘ut
1691 4399 1833 4444 raro
1877 4371 2245 4450 dubitationi
2286 4385 2466 4450 locus
2507 4385 2821 4464 relictus,
