2984 5067
1171 395 1602 463 —23—

1400 477 1419 493 ο

216 573 588 653 κμοιωμένος
629 572 703 634 δὲ
744 570 837 649 τῷ
879 571 994 651 vicii
1052 573 1169 637 τοῦ
1215 574 1377 639 θεοῦ
1440 591 1522 637 eo
1575 570 1837 636 consilio
1879 570 2136 656 adjecta
2178 585 2326 640 sunt
2336 620 2361 661 ,
2422 587 2525 663 ut,

243 674 396 758 quis
465 673 672 758 qualis
730 683 798 737 et
859 682 1133 759 quantus
1193 676 1297 739 ille
1342 675 1863 741 Melchisedecus
1876 720 1901 761 ,
1959 680 2068 762 qui
2114 678 2357 744 Christi
2400 699 2526 744 ex·-

247 779 493 861 emplar
533 784 737 862 esset,
780 777 1016 842 fuisset
1056 781 1334 843 lectores
1378 781 1948 864 scirent.1taque
2006 783 2207 864 primo
2255 785 2526 868 scriptor

242 888 553 964 quisnam
592 882 826 946 fuisset
867 882 1047 946 dixit·
1123 879 1278 946 Fuit
1318 892 1531 947 autem
1573 904 1692 947 rex
1731 882 1973 947 Salemi
2023 894 2088 949 et
2127 888 2360 950 summi
2399 888 2526 950 Dei

246 985 561 1049 sacerdos
605 976 721 1075 [v.
755 986 814 1048 1.
847 984 1150 1070 βασιλευς
1171 987 1434 1069 Σαλήμ,
1481 986 1680 1070 ἱερευς
1720 988 1838 1053 τοῦ
1879 991 2045 1054 &nov
2086 991 2205 1056 τοῦ
2252 990 2523 1073 ὑψίστου

243 1089 331 1153 cf.
376 1083 619 1153 Genes.
667 1090 773 1174 14,
815 1090 918 1153 18.
919 1082 992 1178 J.
1079 1089 1331 1192 Deinde
1376 1094 1605 1173 officia,
1674 1110 1841 1175 quae
1896 1101 1963 1155 et
2003 1092 2525 1159 Melchisedecus

243 1192 615 1256 Abrahamo
658 1201 724 1256 et
748 1133 1269 1258 'mAbrahamus
1437 1184 1707 1257 '‘edeco
1744 1196 2193 1281 praestitisset,
2238 1216 2526 1261 comme-

240 1297 537 1360 moravit.
622 1298 879 1379 Nempe
922 1297 1326 1362 Melchisede
1488 1297 1855 1362 Abrah‘amo
1892 1318 1932 1362 a
1977 1299 2162 1363 clade
2176 1344 2200 1385 ,
2246 1320 2374 1385 qua
2412 1320 2527 1365 re-

243 1401 436 1485 gulos
479 1400 845 1485 afflixisset,
889 1402 1237 1465 revertenti
1271 1401 1526 1465 obviam
1558 1403 1921 1485 processit
1909 1410 1974 1465 et
2015 1403 2232 1467 fausta
2273 1406 2337 1468 ei
2368 1425 2526 1488 pre-

244 1512 434 1567 catus
481 1512 613 1567 est:
660 1503 1069 1567 Abrahamus
1094 1504 1577 1592 Melchisedeeo
1616 1506 1819 1568 omnis
1852 1505 2157 1610 praedae,
2202 1527 2394 1591 quam
2417 1509 2524 1572 fe-

245 1606 490 1690 cisset,
539 1606 825 1672 decimas
871 1607 1048 1670 dedit
1112 1601 1247 1696 (cf.
1290 1628 1358 1670 v.
1409 1610 1442 1674 ὁ
1493 1609 1900 1692 συναντήσας.
1922 1643 2008 1657 -
2049 1644 2139 1655 —-
2181 1608 2234 1689 ᾦ
2276 1620 2379 1676 καὶ
2424 1618 2523 1677 δε-

246 1709 444 1793 κοίτην
490 1710 614 1776 οἶπό
661 1712 909 1777 πάντων
954 1718 1228 1796 ἐμέρισεν
1266 1711 1551 1797 Ἀβροιοίμ
1593 1721 1661 1775 et
1705 1707 2521 1803 Genes.14,18-——20J.

243 1815 410 1877 Tum
454 1834 535 1878 ea
578 1815 1056 1881 Melchisedeco
1100 1817 1167 1878 in
1204 1817 1406 1880 literis
1449 1836 1505 1879 s.
1549 1818 1802 1881 nomina
1847 1817 2150 1902 imponi,
2180 1837 2345 1902 quae
2399 1836 2524 1881 non

244 1921 452 2002 solum
496 1921 659 1982 bene
697 1921 973 1984 ominata
1015 1928 1268 2007 essent,
1314 1920 1432 1984 sed
1477 1922 1703 2007 etiam,
1750 1922 2045 2005 quoniam
2086 1922 2150 1984 in
2197 1920 2525 1985 Christum

243 2024 484 2105 optime
545 2025 983 2109 convenirent,
1048 2025 1259 2106 ipsum
1307 2024 1633 2088 Christum
1692 2025 2137 2106 portenderent
2197 2026 2523 2124 indicavit.

245 2125 515 2191 Scilicet
549 2132 927 2212 Μελχισεδέκ
967 2148 1181 2206 reqem
1226 2131 1527 2207 juetaetr‘ae
1578 2134 1645 2189 et
1702 2119 1996 2209 βασιλευς
2054 2121 2263 2210 σαλήμ
2303 2144 2519 2205 reqem

236 2236 430 2310 pacis
444 2230 788 2315 significat
829 2225 962 2320 (cf.
996 2251 1065 2293 v.
1104 2232 1168 2295 2.
1216 2231 1460 2315 πρῶτον
1495 2235 1635 2311 μὲν
1637 2264 1721 2279 —
1753 2263 1842 2273 —
1873 2229 2167 2312 βασιλευς
2209 2222 2522 2319 εἰρήνης).

242 2334 577 2398 Postremo
600 2321 1150 2400 Melchisedecum
1177 2336 1344 2398 nullo
1377 2343 1581 2418 patre,
1624 2334 1793 2395 nulla
1820 2341 2047 2420 matre,
2091 2335 2277 2397 nullis
2311 2333 2523 2417 majo-

247 2438 424 2501 ribus
463 2427 669 2501 ortum
716 2458 987 2523 eumque
1032 2439 1097 2500 in
1137 2438 1227 2501 V.
1251 2438 1326 2500 Τ.
1370 2438 1604 2522 induci,
1650 2437 1835 2534 cujus
1878 2438 2014 2502 vita
2036 2455 2245 2522 neque
2279 2437 2523 2504 initium

249 2553 465 2625 neque
505 2542 696 2605 finem
737 2540 1028 2606 habuerit
1040 2586 1064 2626 ,
1127 2542 1464 2605 assimilari
1509 2549 1722 2606 autem
1766 2529 1854 2605 ibi
1896 2560 2043 2605 eum
2085 2533 2350 2605 aeterno
2396 2541 2524 2606 Dei

244 2645 399 2730 filio,
446 2646 555 2730 qui
597 2648 834 2709 nullum
876 2643 1256 2712 sacerdotii
1248 2637 1695 2711 successorem
1716 2647 2047 2711 habiturus
2078 2647 2162 2709 sit
2191 2637 2297 2734 [c.
2319 2664 2388 2707 v.
2416 2644 2520 2708 16.

243 2757 314 2813 et
353 2750 443 2813 24
482 2742 632 2835 sq.)
675 2750 915 2813 monuit
954 2748 1176 2813 verbis
1218 2769 1286 2811 v.
1330 2749 1392 2813 3.
1438 2748 1696 2835 ἀπάτωρ
1741 2756 1875 2816 κτλ.
1949 2750 2295 2830 Perpetem
2336 2746 2522 2811 Wi-

242 2874 289 2917 n
307 2871 495 2917 erus
557 2873 653 2938 gr.
695 2874 757 2936 p.
803 2852 951 2916 498.
1007 2872 1271 2916 versum
1327 2853 1391 2916 2.
1425 2854 1836 2940 'anacolutho
1885 2853 2185 2925 laborare
2244 2851 2518 2932 putavit.
2593 2913 2598 2918 ,
2681 2909 2699 2923 ,

244 2956 517 3020 Dixisse
580 2953 747 3020 enim
804 2958 1195 3040 scriptorem
1215 2957 1459 3041 πρῶτον
1519 2962 1629 3039 μὲν
1689 2946 2168 3041 ἑρμηνευόμενος
2226 2954 2522 3038 βασιλεῦς

240 3062 657 3158 δικαιοσύνης,
702 3064 915 3128 ἔπειτα
953 3068 1022 3127 δὲ
1067 3069 1189 3125 καὶ
1208 3065 1252 3145 β
1265 3060 1589 3133 οισιλευς
1629 3066 1697 3122 Σ
1706 3058 1930 3141 αλημ
1977 3056 2016 3121 ὅ
2056 3066 2189 3122 ἐστι
2224 3057 2520 3141 βασιλευς

241 3165 524 3248 εἰρήνης,
593 3185 783 3250 quem
838 3166 932 3229 ita
984 3165 1157 3250 loqui
1201 3163 1529 3228 decuisset
1582 3163 1827 3247 πρῶτον
1882 3167 1992 3243 μὲν
2041 3159 2522 3245 ἑρμηνευόμενοζ·

238 3268 536 3352 βασιλευς
581 3270 1010 3351 δικαιοσύνης,
1057 3269 1341 3334 ἔπειτα
1383 3273 1459 3332 δὲ
1522 3265 2162 3351 ἑρμηνευόμενος
2204 3269 2336 3327 καὶ
2376 3261 2528 3345 βοι-

241 3371 523 3448 σιλευς
580 3372 912 3456 εἰρήνηης
999 3372 1176 3434 Nam
1217 3371 1463 3435 titulum
1505 3371 1631 3436 hoc
1672 3372 1811 3435 loco
1854 3366 2298 3453 explicandum
2340 3370 2518 3451 βασι-

240 3474 389 3549 λευς
425 3476 655 3559 Σαλήμ
691 3477 827 3559 jam
878 3475 1081 3559 primo
1128 3495 1328 3539 versu
1367 3494 1409 3539 a
1451 3477 1769 3560 scriptore
1811 3475 2086 3570 positum
2131 3491 2303 3536 esse.
2366 3471 2521 3535 Non

237 3579 407 3642 vidit
462 3580 567 3642 vir
615 3579 875 3644 doctus
856 3624 880 3664 ,
944 3580 1315 3663 scriptorem
1357 3597 1462 3644 vs.
1510 3581 1569 3644 1.
1630 3581 1663 3647 ὁ
1704 3583 2080 3663 Μελχισεδέκ
2122 3585 2194 3641 ut
2238 3578 2523 3638 Ιιοηιινιίε

237 3701 480 3746 nomen
519 3693 585 3747 et
607 3683 899 3767 βασιλευς
935 3683 1163 3766 Σαλήμ
1196 3692 1266 3746 ut
1293 3685 1574 3760 titulum,
1616 3681 1785 3745 unde
1814 3684 1932 3743 ubi
1960 3681 2148 3743 homo
2179 3684 2519 3762 regnasset

237 3806 772 3872 cognosceremus
799 3788 1122 3873 posuisse,
1166 3786 1284 3851 sed
1317 3805 1513 3850 versu
1549 3786 1609 3848 2.
1658 3785 1784 3850 hoc
1818 3791 1965 3847 eum
1999 3783 2241 3866 egisse,
2286 3789 2356 3842 ut
2383 3788 2519 3840 tum

236 3891 363 3954 viri
392 3911 619 3956 nomen
645 3901 776 3956 tum
799 3892 1062 3975 titulum,
1097 3891 1155 3954 si
1178 3890 1261 3954 ad
1279 3891 1605 3973 utriusque
1620 3889 1760 3951 vim
1786 3885 2154 3968 attenderis,
2185 3881 2516 3946 Christum

236 3996 544 4058 omninari
572 3994 955 4059 ostenderet.
1006 3994 1197 4057 ‘Dixit
1233 3994 1447 4078 igitur,
1484 3994 1689 4056 virum
1718 3985 1828 4082 (h.
1855 4011 1923 4053 e.
1953 3989 2077 4052 viri
2103 4006 2358 4066 nomen,
2393 4005 2517 4049 no-

235 4119 385 4163 men
406 4100 554 4162 Me
571 4099 844 4163 lchise
864 4099 904 4163 d
922 4091 1095 4187 eciJ
1144 4099 1345 4181 primo
1397 4099 1675 4160 enarrari
1716 4114 1930 4172 reqem
1967 4096 2263 4173 justitiae
2313 4085 2519 4180 [esse

236 4205 407 4268 enim
461 4229 637 4320 3973-
657 4209 820 4322 957.)ηὲ
843 4223 930 4267 ex
958 4208 1094 4319 ³³²3?
1122 4209 1188 4265 et
1213 4228 1346 4338 32:13ss
1372 4202 1787 4284 compositum
1820 4206 1886 4260 et
1907 4195 2262 4260 Messinm
2245 4215 2311 4257 m
2336 4194 2424 4257 V.
2438 4193 2514 4254 Τ.

235 4368 398 4455 12⁹7}
423 4346 684 4423 ,iustum
724 4342 928 4409 Zach-
961 4340 1051 4428 9,
1095 4340 1158 4405 9.
1200 4341 1421 4408 vocari
1461 4341 1527 4405 in
1562 4340 1834 4460 vulgus·
1844 4343 2058 4401 notum
2100 4322 2302 4421 esseJ
2314 4373 2336 4415 ,
2391 4325 2518 4392 de-
