2984 5067
478 543 624 590 nem
665 543 1042 610 unoquoque
1099 527 1239 598 loco
1272 525 1720 609 antiquissimi
1787 531 1991 587 testes
2034 522 2493 590 commendent.
2583 520 2756 584 Novi

478 638 730 714 autem,
789 630 955 713 quod
999 629 1437 714 nesciremus,
1503 629 1670 692 nihil·
1696 629 1901 693 attulit
1944 626 2456 713 Igachmannu
2472 646 2523 691 s.
2613 625 2760 689 Ve-

479 733 970 797 tustissimorum
1029 734 1316 798 codicum
1373 734 1743 798 collationes
1781 733 1905 817 iis,
1973 732 2202 814 quibus
2263 732 2463 814 vulgo
2507 732 2757 814 utimur,

476 837 772 899 meliores
814 858 936 902 non
979 837 1306 921 possedit:
1348 846 1645 920 corrupta
1696 836 2270 919 antiquissimorum
2312 835 2575 899 Patrum
2621 835 2761 898 loca

476 949 603 1003 non
645 941 1044 1027 emendavit:
1099 961 1350 1005 errores
1369 986 1392 1026 ,
1454 941 1562 1023 qui
1622 960 1709 1005 ex
1764 939 1930 1003 falsa
1990 957 2210 1001 eorum
2251 939 2760 1021 interpretatione

476 1052 845 1130 manarunt,
889 1064 1012 1108 non
1055 1047 1369 1131 correxit,
1432 1046 1669 1128 quippe
1713 1045 1820 1128 qui
1862 1044 2289 1126 paucissimos
2332 1042 2761 1105 tantummodo

479 1147 592 1213 hic
622 1147 753 1234 illic
789 1149 1179 1213 contulisset.
1262 1144 1647 1236 Enimvero,
1691 1149 1921 1235 inquit,
1965 1148 2030 1211 in
2074 1150 2244 1212 m‘ale
2285 1148 2503 1229 testati
2545 1155 2761 1209 textus

350 1309 355 1315 .
476 1253 720 1333 recepti
758 1253 964 1316 locum
1005 1261 1222 1317 textus
1276 1253 1574 1337 antiquus
1618 1254 1822 1317 seculi
1866 1245 2071 1337 quarti
2111 1251 2595 1316 substituendus
2639 1259 2758 1314 est.

474 1353 689 1416 Primo
732 1364 977 1419 textum
1019 1358 1490 1425 Elsevirianum
1530 1364 1661 1437 tam
1704 1360 1911 1442 male,
1956 1369 2151 1441 quam
2191 1355 2762 1419 Lachmannus

343 1445 356 1458 ‘
475 1459 769 1540 opinatus
813 1468 939 1545 est,
986 1469 1288 1525 testatum
1333 1481 1486 1524 esse
1513 1480 1681 1545 nego
1720 1470 1786 1525 et
1820 1476 2124 1544 pernego.
2185 1459 2323 1522 Sed
2365 1467 2436 1520 ut
2479 1460 2763 1540 pessime

475 1571 754 1626 testatus
797 1565 885 1628 sit
920 1573 987 1627 et
1015 1567 1398 1648 saepissime
1441 1566 1607 1627 satis
1645 1573 1938 1652 recentes
1971 1563 2277 1627 lectiones
2306 1561 2561 1654 habeat,
2607 1580 2762 1652 per-
2842 1629 2850 1636 ‚

430 1731 435 1736 .
474 1667 622 1731 inde
687 1675 791 1731 est
810 1710 834 1754 ,
898 1677 1101 1732 utrum
1149 1669 1430 1733 Criticus
1486 1668 1551 1728 in
1597 1666 1967 1750 refingendo
2014 1666 2101 1728 N.
2149 1665 2223 1725 Τ.
2270 1672 2448 1727 textu
2490 1665 2758 1726 Elsevi-

474 1770 682 1854 riano,
748 1759 845 1834 an'
891 1779 1070 1834 textu
1129 1750 1332 1834 seculi
1378 1771 1583 1853 quarti
1629 1768 2036 1836 fundamento
2079 1776 2308 1857 utatur.
2342 1811 2350 1818 -
2398 1767 2561 1830 Sive
2606 1767 2790 1831 Cri-⁶

474 1874 642 1938 ticus
688 1881 995 1958 quaerat,
1070 1894 1151 1937 an
1195 1882 1283 1958 ¹ut
1324 1883 1550 1946 textus
1603 1874 2063 1937 Electri-ianus
2105 1869 2167 1934 iu
2183 1894 2230 1935 u
2248 1881 2328 1935 te
2348 1881 2484 1935 tur
2544 1863 2654 1933 'res
2696 1877 2763 1931 et

448 1982 719 2039 -eeritae
772 1980 1098 2058 postulet,
1169 1979 1315 2041 sive
1342 2017 1347 2022 -
1373 1999 1462 2041 em
1526 1980 1710 2040 lectio
1774 1981 2230 2059 antt'quieeima
2273 1983 2706 2066 respuatis
2725 1994 2763 2034 r

468 2070 900 2158 gravissimae
959 2102 1199 2145 caueae
1242 2091 1537 2163 poseant
1594 2081 1886 2164 anquirat
1899 2116 1922 2167 ,-
1980 2100 2087 2143 res
2144 2080 2371 2169 eodem
2432 2081 2571 2142 loco
2599 2123 2610 2132 .
2638 2086 2781 2157 est„

474 2183 671 2249 Certe
717 2186 1024 2250 Criticum
1066 2187 1355 2250 omnibus
1399 2187 1795 2250 variantibus
1851 2186 2229 2250 lectionibus
2271 2183 2762 2267 diligentissime

473 2290 778 2355 excussis
842 2309 985 2353 eam
1046 2292 1420 2374 scripturam
1456 2291 1777 2372 amplecti
1838 2298 2120 2373 oportet,
2182 2308 2373 2371 quam
2415 2288 2760 2372 genuinam

473 2413 626 2458 esse
670 2394 919 2457 idoneis
960 2396 1352 2477 argumentis
1397 2390 1674 2457 evincat.
1765 2393 1854 2455 At
1909 2394 2162 2455 fuerunt
2202 2394 2390 2454 leves
2435 2399 2500 2454 et
2543 2391 2759 2474 negli-

472 2504 702 2582 gentes
726 2496 971 2581 Critici,
1013 2497 1119 2577 qui
1162 2497 1245 2559 ad
1278 2506 1578 2560 vetustas
1617 2515 1859 2578 easque
1899 2497 2171 2577 optimas
2208 2477 2515 2558 lectiones
2555 2503 2759 2577 saepe

472 2619 596 2663 non
639 2595 1073 2685 attenderent,
1137 2608 1428 2663 recentes
1486 2607 1553 2662 et
1606 2600 1809 2661 malas
1864 2606 2079 2690 textus
2123 2600 2365 2682 recepti
2407 2600 2759 2680 scripturas

474 2713 719 2767 temere
763 2712 1227 2790 propagarent.⁴
1276 2703 1448 2765 Utile
1486 2711 1596 2766 est
1629 2702 1838 2787 igitur,
1884 2710 2128 2765 textum
2173 2722 2258 2765 ex
2291 2702 2759 2785 antiquissimis

435 2808 798 2879 ,codicibus
847 2809 1285 2872 concinnatum
1329 2825 1620 2893 seorsum
1665 2806 1770 2868 edi
1785 2851 1809 2891 ,
1872 2794 1998 2890 quo
2040 2807 2129 2869 illi
2190 2825 2230 2868 a
2275 2806 2570 2870 socordia
2632 2805 2755 2868 de-

471 2920 838 2974 terreantur.
928 2908 1053 2974 odi
1097 2911 1428 2979 levitatem
1474 2918 1538 2973 et
1599 2911 1882 2974 inertiam
1928 2930 2198 2994 eamque
2247 2910 2567 2974 detestor:
2636 2910 2758 2972 sed

470 3034 759 3099 vereor,-
797 2999 881 3077 ne
940 3016 1048 3098 qui
1107 3034 1219 3098 pro
1267 3033 1386 3077 sua
1441 3016 1835 3099 negligentia
1879 3019 1959 3079 ab
2021 3033 2097 3077 se
2142 3034 2265 3077 non
2308 3016 2642 3100 impetrent
2684 3023 2759 3077 ut

469 3128 766 3182 vetustas
828 3120 1138 3183 lectiones
1206 3120 1270 3182 in
1336 3129 1644 3203 apparatu
1703 3121 1922 3184 critico
1962 3127 2213 3182 notatas
2266 3116 2756 3202 diligentissime

471 3224 838 3306 expendant
879 3223 1369 3287 Lachmanni
1413 3232 1592 3287 textu
1641 3225 1720 3285 ab
1763 3225 1992 3287 inertia
2033 3242 2159 3286 non
2205 3230 2571 3284 avocentur.
2641 3223 2755 3285 In-

473 3326 762 3391 conditas
807 3336 1021 3389 autem
1066 3336 1132 3389 et
1173 3348 1416 3410 pravas
1457 3319 1789 3413 lectioneS,
1835 3348 1997 3412 quas
2028 3325 2604 3391 Lachmannus
2644 3346 2755 3388 re-

473 3430 685 3513 cepit,
736 3428 995 3492 Criticis
1038 3432 1212 3494 locos
1258 3423 1583 3512 corruptos
1627 3431 2010 3495 indicaturos
2062 3451 2214 3494 esse
2257 3432 2512 3494 minime
2562 3431 2757 3494 dixe-

471 3535 607 3597 rim.
694 3533 783 3595 Hi
826 3533 996 3595 enim
1058 3536 1166 3596 tali
1209 3534 1629 3597 admonitione
1699 3554 1821 3597 non
1863 3544 2075 3620 egent.
2163 3536 2419 3617 Nempe
2458 3536 2540 3598 iis
2603 3536 2754 3598 dili·
2831 3612 2836 3618 .

472 3636 853 3722 gentissima
913 3638 1003 3699 N.
1048 3621 1125 3700 Τ.
1169 3638 1559 3721 Patrumque
1619 3642 1854 3708 eccles.
1909 3641 2097 3703 lectio
2158 3650 2225 3703 et
2270 3640 2758 3705 accuratissima

471 3742 857 3806 variantium
891 3743 1341 3825 scripturarum
1386 3743 1755 3827 dijudicatio
1784 3747 2173 3828 corruptelas
2208 3744 2505 3807 ostendit.
2575 3743 2753 3806 Idio-

472 3853 616 3931 tas,
671 3847 779 3930 qui
822 3837 1194 3929 apparatum
1241 3847 1526 3911 criticum
1581 3868 1787 3930 neque
1832 3830 2162 3932 possident
2204 3868 2413 3931 neque
2453 3867 2754 3929 umquam

471 3949 797 4034 viderunt,
863 3952 1217 4014 inconditus
1262 3952 1318 4013 L
1338 3971 1376 4015 a
1398 3952 1776 4032 chmanni
1843 3961 2059 4016 textus
2081 3976 2097 3992 ·
2117 3953 2436 4017 delectare
2497 3959 2750 4035 potest3

472 4052 594 4118 sed
636 4053 703 4114 hi
741 4055 1096 4137 depravata
1139 4056 1227 4118 N.
1272 4056 1347 4117 Τ.
1387 4056 1570 4139 loca,
1615 4075 1964 4141 nunquam,
2008 4057 2260 4141 opinor,
2306 4057 2758 4143 emendabunt.

470 4156 596 4219 Est
637 4157 851 4219 autem
893 4159 1074 4221 nobis
1116 4168 1296 4222 textu
1355 4169 1613 4241 recepto
1627 4142 1660 4244 ,‘
1708 4161 1792 4254 ad
1860 4179 2048 4243 quem
2104 4169 2196 4228 tot
2239 4161 2497 4224 codices
2540 4161 2754 4225 collati

472 4269 539 4323 et
583 4268 676 4323 tot
722 4260 1033 4324 editiones
1079 4274 1349 4328 exactae
1393 4265 1519 4327 sint
1535 4308 1558 4349 ,
1626 4285 1737 4347 pro
1780 4261 2183 4329 fundamento
2212 4266 2294 4327 -in
2338 4265 2489 4329 crisi
2533 4266 2621 4328 N.
2671 4263 2749 4326 Τ.

474 4364 664 4428 etiam
705 4364 770 4427 in
810 4371 1131 4446 posterum
1174 4367 1515 4452 utendum,
1584 4388 1665 4432 ne
1723 4387 1971 4433 summa
2032 4370 2096 4434 in
2150 4369 2483 4455 disciplina
2526 4369 2752 4434 critica
