2984 5067
541 586 851 651 versariis
894 584 960 647 in
999 583 1195 646 libro:
1238 581 1674 666 theologische
1710 580 1978 645 Studien
2028 578 2215 645 1835.
2259 602 2320 664 p.
2369 579 2518 645 571.
2562 579 2785 673 objecit.

539 691 868 756 Perhibuit
930 707 1047 751 eos
1103 688 1487 763 intellaeyere.
1522 706 1659 748 non
1718 691 2009 766 potuisse
2020 733 2048 765 ,
2130 705 2297 769 quae
2358 685 2789 751 Germanorum

539 799 757 880 lingua
789 812 948 857 usus
991 794 1056 854 in
1098 791 1294 854 libro:
1338 789 1529 853 theol.
1563 789 1830 852 Studien
1864 790 1991 853 und
2026 790 2319 853 Kritiken
2366 790 2554 853 1830.
2597 811 2654 873 p.
2674 790 2791 854 817

539 898 776 962 -845.
825 898 906 961 de
947 915 1072 958 sua
1112 896 1202 958 N.
1246 894 1322 957 Τ.
1369 894 1642 957 editione
1687 894 2098 976 disputasset.
2186 896 2410 977 Itaque
2448 896 2644 957 latine
2683 895 2793 957 sibi

540 1006 687 1068 olim
728 1001 1073 1065 vernacule
1119 999 1288 1061 dicta
1332 998 1682 1080 repetenda
1726 1017 1913 1080 csse3
1962 997 2314 1060 declarare
2333 999 2576 1082 igitur,
2592 1019 2660 1060 se
2680 1017 2793 1081 quo

539 1110 834 1188 exemplo
868 1107 1021 1167 libri
1051 1110 1229 1165 sacri
1265 1090 1597 1163 scribendi*
1629 1111 1851 1164 essent
1880 1108 1944 1164 si
1975 1104 2434 1163 excluderetur
2476 1104 2794 1165 arbitrium
2895 1118 2908 1132 ·

540 1211 949 1295 quaesivisse
991 1213 1291 1288 rectaque
1333 1211 1438 1268 via
1483 1214 1550 1267 et
1589 1214 1761 1268 certo
1791 1209 2003 1285 qradu
2036 1209 2127 1268 ad
2161 1212 2487 1268 veritatem
2514 1209 2800 1286 progredi

538 1316 846 1379 voluisse.
934 1311 1118 1390 Quod
1163 1311 1726 1373 Lachmannus
1768 1312 1833 1374 in
1878 1330 2045 1394 quae
2087 1312 2351 1375 crimina
2393 1319 2662 1386 vocatus
2703 1309 2798 1372 e‘st

537 1439 617 1483 ea
662 1419 761 1482 sic
807 1419 1175 1501 propulsare
1213 1414 1490 1499 studuit,
1537 1423 1607 1477 ut
1645 1415 2035 1478 adversariis
2067 1412 2354 1477 inertiam
2384 1417 2797 1501 exprobraret,
2911 1457 2912 1500 ἱ

534 1525 599 1586 id
643 1541 852 1606 neque
895 1522 1043 1583 olim
1088 1533 1211 1582 me·
1232 1526 1304 1581 ut
1346 1536 1610 1581 causam
1646 1521 1853 1582 meam
1898 1520 2304 1583 defenderem
2337 1519 2642 1604 incitavit,
2683 1539 2799 1581 ne-
2911 1507 2912 1510 ¹

537 1647 661 1711 que
703 1645 869 1690 nunc
909 1633 980 1688 ut
1024 1624 1080 1685 L
1100 1623 1525 1686 achmanni
1570 1620 1762 1690 crisin
1809 1617 2254 1706 examinarem
2280 1625 2497 1687 movit.
2564 1622 2800 1701 Quam-

536 1719 727 1814 quam
771 1730 938 1792 enim
974 1726 1472 1790 Lachmanni
1518 1728 1861 1791 vernacule
1904 1729 2240 1790 scribentis
2285 1729 2639 1814 turgidum,
2682 1749 2801 1811 quo

534 1835 810 1897 nonnulli
853 1830 1612 1894 Schleiermacheri
1656 1820 2002 1893 imitatores
2042 1851 2206 1895 nunc
2240 1841 2518 1917 utuntur,
2558 1833 2801 1897 dicendi

533 1928 741 2021 genus
784 1944 928 2017 est,
974 1943 1185 1996 tamen
1230 1953 1398 2017 quae
1422 1953 1500 1996 a.
1549 1932 1733 1999 1830.
1777 1936 1818 1996 l.
1865 1954 1919 2000 c.
1960 1932 2419 1999 Germanorum
2462 1938 2675 2021 lingua
2722 1938 2803 2000 de

533 2059 655 2104 sua
694 2041 782 2102 N.
829 2039 904 2100 Τ.
953 2038 1230 2100 editione
1289 2038 1550 2118 scripsit
1604 2036 1916 2119 ejusmodi
1972 2049 2156 2124 sunt,
2217 2049 2288 2102 ut
2332 2059 2372 2103 a
2415 2042 2644 2121 quovis
2685 2061 2807 2116 non

532 2147 720 2227 plane
763 2152 977 2206 retuso
1016 2141 1268 2206 homine
1312 2142 1577 2227 intelligi
1593 2183 1600 2190 ·
1619 2144 1864 2225 possint
1891 2163 2135 2226 nosque
2160 2146 2281 2206 viri
2325 2145 2492 2208 docti
2533 2136 2806 2209 mentem

530 2270 656 2312 non
689 2249 778 2312 ita
810 2248 1196 2312 reconditam
1232 2248 1629 2334 percepisse,
1677 2266 1986 2310 censurae
2013 2256 2271 2311 nostrae
2311 2248 2556 2311 docent.
2600 2250 2807 2314 Prae-

530 2363 711 2416 terea
753 2353 1087 2417 ambitiosa
1106 2396 1129 2437 ,
1174 2371 1364 2436 quam
1403 2347 1760 2415 rectissime
1803 2371 2071 2433 spernas
2087 2395 2110 2436 ,
2172 2353 2524 2434 pertinacia
2568 2363 2704 2437 est,
2749 2354 2810 2416 si

534 2459 679 2538 quis
722 2457 1111 2518 voluntatem
1153 2474 1337 2516 suam
1374 2456 1437 2516 in
1478 2474 1550 2516 re
1593 2455 1966 2536 planissima
2009 2457 2089 2517 ab
2133 2456 2502 2518 adversario
2546 2457 2813 2540 intelligi

533 2579 656 2622 non
700 2559 990 2641 potuisse
1033 2576 1220 2620 suam
1263 2560 1328 2620 in
1364 2558 1537 2618 illum
1577 2559 1822 2639 culpam
1862 2557 2264 2622 derivaturus
2306 2559 2567 2623 dictitet.
2644 2558 2815 2637 Quin

534 2666 720 2747 longe
765 2662 909 2725 aliis
970 2662 1317 2724 rationibus
1374 2659 1550 2722 ducti
1589 2660 2084 2738 Lachmanni
2151 2666 2343 2729 crisin
2381 2668 2598 2727 no'stro
2641 2683 2815 2728 exa-

531 2769 683 2830 mini
725 2767 953 2828 iterum
1011 2764 1330 2847 subjicere
1375 2763 1800 2831 decrevimus.
1888 2768 2064 2830 Nam
2108 2788 2299 2850 quum
2311 2812 2335 2852 ,
2394 2764 2817 2851 quemadmo-

533 2871 682 2934 dum
722 2868 1119 2932 Winerus
1161 2869 1644 2952 grammaticam
1671 2870 1777 2932 .N.
1817 2870 1893 2931 Τ.
1937 2871 2331 2953 disciplinam
2374 2873 2674 2958 condidit,
2721 2874 2819 2937 ita

491 2998 496 3002 ·
531 2976 714 3037 nobis
756 2973 1015 3037 criticas
1059 2972 1163 3035 de.
1184 2973 1272 3035 N.
1318 2973 1394 3034 Τ.
1458 2974 1644 3056 leges
1708 2974 1875 3035 ferre
1937 2994 2177 3057 easque
2236 2978 2299 3039 in
2344 2979 2503 3040 artis
2543 2979 2820 3040 formam

531 3079 829 3163 redigere
875 3078 939 3139 in
999 3076 1205 3139 animo
1249 3077 1371 3162 sit,
1438 3078 1681 3141 consilii
1725 3079 1920 3140 nostri
1981 3074 2257 3143 rationes
2315 3083 2635 3164 postulant
2654 3125 2681 3167 ,
2745 3089 2822 3144 ut

533 3202 747 3246 eorum
794 3180 1172 3246 criticorum
1215 3185 1570 3245 sententias
1612 3182 2073 3268 redarguamus
2082 3228 2105 3269 ,
2167 3198 2335 3268 ’quo's
2378 3186 2508 3249 falli
2543 3185 2822 3268 judica-

478 3327 483 3330 -
529 3288 830 3349 verimuS.
898 3283 1084 3363 Quod
1104 3286 1931 3350 autemLachmannum
1962 3284 2272 3374 primum,·
2302 3309 2492 3372 quam
2520 3288 2823 3354 Gries-

529 3389 946 3476 bachium,
991 3388 1545 3451 Matthaeium
1591 3391 1868 3453 aliumve
1911 3393 2285 3476 impugnare
2322 3396 2687 3481 maluimuS,
2738 3413 2824 3457 eo

529 3494 768 3557 factum
811 3500 954 3577 est,
1024 3492 1190 3575 quod
1237 3491 1453 3555 Lach
1473 3509 1646 3553 man
1666 3492 1742 3553 ni
1784 3494 1974 3554 crisin
2015 3497 2125 3557 vel
2170 3497 2390 3558 doctos
2428 3500 2827 3580 interpretes

527 3617 728 3680 nuper
774 3596 1117 3679 decepisse
1161 3604 1229 3658 et
1270 3597 1335 3658 in
1378 3596 1803 3680 gravissimos
1843 3615 2089 3658 errores
2130 3598 2460 3662 induxisse
2504 3601 2824 3662 vidimus.

528 3700 655 3779 Qui
700 3700 1062 3784 codicibus,
1104 3719 1265 3783 quos
1303 3701 1652 3763 Lachma
1668 3717 1868 3763 nnus
1911 3702 2215 3783 sequitur,
2261 3702 2412 3765 nihil
2458 3701 2829 3785 perfectius

527 3815 638 3869 aut
684 3804 1080 3868 emendatius
1109 3803 1266 3887 fingi
1305 3823 1503 3886 posse
1543 3795 1780 3885 opinati
1825 3804 2180 3882 certissima
2215 3806 2603 3868 librariorum
2648 3806 2832 3870 vitia

525 3910 1060 3992 turpissimasque
1118 3908 1630 3989 interpolationes
1684 3908 1917 3991 cupide
1959 3917 2024 3972 et
2084 3917 2312 3991 argute
2375 3909 2831 3974 defenderunt.

526 4013 845 4091 Quantum
886 4012 992 4074 hic
1037 4030 1210 4073 error
1263 4011 1345 4074 ad
1392 4011 1838 4093 depravandos
1882 4012 1971 4073 N.
2017 4011 2092 4072 Τ.
2136 4012 2328 4075 libros
2369 4014 2607 4099 possit,
2683 4015 2747 4075 Τ
2759 4015 2833 4076 i-

525 4115 1158 4198 schendorfius,
1224 4113 1447 4178 doctus
1496 4115 1809 4200 juvenis,
1878 4113 1996 4177 sed
2041 4116 2175 4199 rei,
2240 4135 2429 4199 quam
2493 4119 2832 4203 suscepit,

525 4238 693 4283 nunc
739 4217 995 4301 quidem
1036 4237 1297 4300 prorsus
1343 4220 1584 4307 impar,
1644 4219 1839 4281 Novo
1884 4218 2295 4283 Testamento
2316 4265 2339 4305 ,
2385 4222 2553 4306 quod
2600 4225 2693 4286 ab
2746 4242 2838 4286 se

524 4323 829 4386 videlicet
883 4327 1272 4384 recensitum
1315 4322 1581 4405 Lipsiae
1646 4322 1831 4386 1841.
1889 4324 1951 4386 4.
2019 4323 2253 4410 edidit,
2315 4346 2516 4408 nuper
2573 4326 2832 4391 docuit.
2911 4361 2912 4366 κ

527 4429 769 4509 Itaque
807 4433 877 4489 ut
936 4423 1182 4508 injuriis
1198 4468 1220 4509 ,
1289 4445 1455 4508 quae
1517 4426 1694 4490 libris
1753 4428 1963 4492 sacris
2022 4428 2262 4493 inferri.
2302 4437 2567 4514 coeptae
2636 4439 2833 4514 sunt,
