2984 5067
1396 336 1826 399 -14..

469 505 675 573 codex
720 505 1082 572 alterutrum
1140 508 1455 572 sincerum
1519 527 1601 572 an
1664 507 1974 572 nonnullis
2025 506 2285 571 alterius
2348 513 2562 570 textus
2610 507 2770 569 ele-

471 611 705 675 mentis
762 611 1205 700 temperatum
1236 612 1463 676 afferat
1532 612 1748 676 dicere
1808 604 2065 694 possit?
2175 609 2414 676 Nescit
2438 608 2770 674 thach-

470 733 538 776 m
554 733 649 777 an
663 734 705 779 n
718 733 805 778 us
848 723 1062 778 textus
1102 715 1427 779 orientalis
1470 724 1537 779 et
1575 710 1987 781 occidentalis
2021 699 2306 778 indolem
2336 733 2543 797 neque
2583 732 2770 795 ope-

472 836 610 882 ram
655 818 830 882 dedit
873 827 944 881 ut
1009 838 1151 882 eam
1212 827 1649 903 cognosceret.
1736 815 1908 897 Quin
1967 818 2160 882 etiam
2173 861 2198 904 ‚
2267 835 2484 880 eorum
2533 817 2774 882 studia
2866 891 2880 905 ·

340 915 361 935 ⁸
473 923 891 1010 improbavit,
950 923 1059 1004 qui
1117 922 1445 1006 utriusque
1505 931 1725 987 textus
1767 902 2055 985 naturam
2114 922 2500 986 constituere
2541 921 2774 985 eonati

474 1034 642 1090 sunt.
728 1027 834 1090 Ex
875 1044 1110 1110 magna
1120 1067 1144 1111 ,
1186 1026 1427 1111 inquit,
1471 1027 1829 1111 lectionum,
1870 1044 2038 1109 quae
2081 1024 2286 1106 codici
2329 1041 2474 1087 cum
2513 1025 2774 1088 ceteris

475 1130 836 1192 alterutrius
880 1130 1114 1192 classis
1155 1130 1572 1192 monumentis
1598 1130 1950 1192 communis
1996 1129 2127 1208 sit,
2187 1128 2381 1211 copia
2417 1127 2500 1191 ad
2545 1136 2772 1190 utram

474 1232 753 1297 classem
794 1231 1169 1326 referendus
1211 1234 1299 1296 sit
1330 1211 1570 1315 ‘iudico‘-
1637 1231 1713 1294 Si
1755 1232 2058 1297 classium
2094 1240 2354 1295 tuarum·
2383 1231 2662 1322 indolem
2697 1242 2776 1293 et
2857 1297 2860 1300 ,

477 1334 797 1419 ingenium
837 1335 1095 1419 ignoras
1114 1379 1139 1421 ,
1180 1356 1263 1400 ne
1304 1358 1342 1400 e
1359 1360 1397 1399 ε
1411 1357 1496 1399 ee
1536 1335 1791 1420 quidem
1831 1335 1992 1400 duas
2007 1379 2030 1419 ,
2076 1353 2244 1418 quae
2288 1334 2774 1416 discrepantem

479 1446 723 1504 textum
766 1441 1163 1526 contineant,
1227 1441 1517 1506 codicum
1579 1442 1833 1505 classes
1878 1438 2149 1503 fidenter
2187 1437 2509 1503 affirmare
2547 1447 2771 1519 potes,

479 1542 655 1606 Nam
700 1544 866 1627 quod
911 1563 1066 1608 esse
1108 1564 1195 1609 ex
1238 1563 1473 1629 magna
1527 1546 1868 1609 lectionum
1887 1587 1911 1629 ‚
1970 1544 2035 1606 in
2089 1543 2319 1626 quibus
2361 1540 2485 1603 duo
2526 1560 2771 1605 monu-

477 1655 827 1711 mentorum
871 1649 1227 1714 criticorum
1267 1667 1508 1732 genera
1569 1650 1730 1712 inter
1786 1666 1865 1710 se
1905 1655 2297 1731 congruant,
2359 1644 2772 1709 multitudine

480 1752 945 1856 argumentaris
964 1795 988 1836 ,
1053 1753 1208 1815 vide
1268 1772 1349 1814 ne
1407 1760 1517 1815 tua
1558 1753 2088 1850 argumentatio
2063 1751 2147 1814 ad
2190 1750 2449 1812 nihilum
2493 1749 2768 1812 recidat.

480 1853 657 1917 Fieri
701 1856 866 1916 enim
909 1848 1162 1936 potest
1167 1857 1230 1919 in
1264 1857 1439 1937 libris
1478 1857 1692 1939 toties,
1738 1855 1989 1939 quoties
2031 1854 2119 1916 Ν.
2143 1855 2219 1916 Τ.
2256 1854 2395 1917 libri
2431 1853 2792 1937 exsignati·

482 1965 632 2019 sunt
646 2000 671 2040 ,
712 1957 1086 2042 descriptis,
1147 1967 1220 2022 ut
1276 1962 1385 2024 vel
1427 1960 1550 2024 tria
1591 1968 1699 2022 aut
1740 1966 2007 2043 quatuor
2046 1976 2171 2021 non
2213 1958 2415 2020 solum
2464 1955 2589 2019 duo
2636 1975 2767 2020 co-

481 2058 692 2124 dicum
732 2053 985 2145 genera.
1035 2082 1226 2146 quum
1285 2084 1493 2127 unum
1553 2066 1957 2144 eundemque
2020 2070 2262 2155 textum
2305 2061 2654 2144 praebeant
2698 2060 2766 2121 in

481 2166 678 2228 certis
720 2156 1097 2249 q'uibusdam
1141 2170 1335 2232 rebus
1381 2168 1545 2232 inter
1607 2186 1686 2231 se
1729 2167 2110 2247 discrepent.
2197 2165 2302 2227 Ex
2345 2162 2449 2226 his
2491 2162 2766 2226 Lach-

481 2286 841 2333 mannum
883 2271 1255 2354 imparatum
1298 2273 1381 2335 ad
1409 2269 1499 2335 N.
1527 2273 1602 2334 Τ.
1648 2272 1843 2336 crisin
1886 2269 2256 2334 accessisse
2284 2284 2555 2350 eumque
2589 2267 2766 2349 nulla

481 2391 645 2436 suae
689 2361 1063 2455 disciplinae
1101 2374 1515 2442 fundamenta
1547 2375 1795 2458 jecisse
1829 2381 2112 2457 app'aret.
2201 2371 2387 2434 Duae
2432 2378 2581 2433 sunt
2626 2370 2766 2433 cri-

481 2477 745 2540 ticorum
772 2478 1196 2540 subsidiorum
1224 2478 1551 2541 diversum
1578 2487 1819 2541 textum
1850 2478 2232 2559 praebentes
2257 2471 2526 2539 classes.
2572 2471 2768 2536 Unde

484 2597 638 2642 esse
683 2574 871 2644 scis?
930 2580 1114 2644 Puto.
1193 2580 1524 2660 Quaenam
1568 2590 1676 2644 est
1716 2582 2044 2663 utriusque
2077 2580 2313 2644 classis
2354 2579 2608 2641 indoles
2645 2587 2770 2641 aut

392 2699 395 2702 ’
483 2683 713 2766 quibus
754 2683 955 2749 notifl
964 2688 1165 2749 altera
1207 2688 1287 2749 ab
1359 2686 1560 2748 altera
1613 2685 1952 2749 internosci
1995 2677 2258 2767 potest?
2284 2716 2300 2730 ·
2342 2682 2589 2746 Nescio
2637 2674 2768 2744 nec

485 2788 654 2852 scire
705 2788 936 2853 laboro.
1026 2788 1213 2853 Unde
1253 2790 1445 2874 igitur
1510 2790 1625 2852 tibi
1673 2796 1962 2875 constat,
2017 2789 2272 2872 quinam
2314 2788 2574 2892 codices
2617 2784 2768 2847 sin-

485 2901 701 2954 cerum
744 2887 1025 2955 Orientis
1069 2902 1178 2956 aut
1218 2890 1588 2960 Occidentis
1630 2902 1873 2956 textum
1936 2901 2003 2955 et
2045 2892 2301 2975 quinam
2344 2907 2564 2955 rursus
2607 2897 2767 2952 tex-

487 3001 621 3058 tum
665 3014 750 3057 ex
789 3005 1052 3080 utroque
1095 2998 1429 3062 conflatum
1484 2990 1813 3060 habeant?
1899 2998 1969 3059 N
1970 3014 2204 3058 umens
2248 2993 2575 3059 variantes
2616 2995 2767 3057 lec-

432 3111 437 3116 ’
486 3099 693 3162 tiones
752 3111 1137 3185 persequuto
1197 3103 1363 3169 dnae
1425 3121 1578 3166 esse
1642 3108 1819 3164 mae
1877 3108 2039 3163 sunt
2101 3099 2390 3164 codicum
2434 3099 2763 3161 diversum

485 3211 728 3268 textum
767 3206 1162 3270 continentes
1201 3210 1457 3271 classes
1498 3209 1773 3288 itemque
1834 3205 2124 3267 nonnulla
2161 3209 2563 3267 monumenta
2607 3218 2766 3263 esse
2809 3198 2815 3203 ”

482 3316 713 3387 putavi
746 3328 913 3391 quae
958 3318 1200 3374 textum
1243 3312 1607 3373 orientalem
1670 3329 1813 3373 cum
1868 3308 2248 3371 occidentali
2289 3305 2760 3371 confunderent.

562 3409 579 3496 ζ
663 3412 859 3478 Nunc
905 3419 1120 3474 cetera
1181 3413 1539 3479 videamus.
1553 3463 1566 3478 .
1619 3412 2157 3494 Antiquissimum
2175 3432 2183 3439 ·
2199 3418 2442 3473 textum
2488 3428 2572 3471 ex
2612 3426 2764 3469 ma-

371 3501 377 3507 *
489 3514 661 3577 xime
708 3514 994 3596 vulgatis
1049 3515 1484 3598 redintegrare
1531 3514 2047 3579 Lachmannu
2064 3533 2100 3576 s
2162 3514 2504 3578 constituit.
2593 3512 2764 3574 Eum

489 3624 734 3680 textum
778 3616 1279 3700 antiquissimum
1323 3638 1408 3681 ex
1451 3600 1574 3704 iis9'
1602 3620 1708 3702 qui
1749 3624 1822 3682 in
1868 3625 1999 3681 toto
2048 3618 2565 3681 Christianorum
2609 3617 2766 3678 orbe

490 3723 768 3786 maxime
811 3721 1119 3808 divulgati
1162 3732 1387 3785 essent
1407 3767 1430 3808 ,
1475 3742 1826 3787 revocasse
1853 3742 2050 3786 -nemo
2097 3741 2221 3785 non
2260 3729 2612 3802 exspectet.
2670 3720 2766 3781 At

490 3826 641 3891 huic
683 3828 825 3909 spei
864 3827 1139 3890 editione
1179 3835 1548 3908 stereotypa
1574 3846 1697 3894 non
1740 3828 2080 3899 satisfecit.
2165 3826 2265 3889 Ea
2306 3825 2475 3887 enim
2520 3831 2764 3887 textum

486 3932 688 4010 plane
730 3934 1106 3994 orientalem
1165 3933 1663 4009 occidentalibus
1725 3932 2097 3994 lectionibus
2143 3915 2429 3991 exclusis
2469 3927 2763 3992 continet.

495 4036 718 4117 Itaque
761 4034 914 4096 nihil
957 4036 1082 4097 nisi
1123 4053 1290 4117 quae
1332 4036 1562 4117 quovis
1601 4037 1741 4098 loco
1799 4040 1871 4097 in
1914 4033 2179 4098 On'eme
2222 4032 2501 4094 maxime
2545 4030 2763 4092 divul-

494 4145 649 4222 gata
692 4138 878 4201 lectio
937 4138 1153 4201 fuerit.
1188 4157 1226 4199 e
1270 4138 1567 4200 Lachm
1588 4139 1776 4201 anni
1818 4147 1996 4201 textu
2038 4136 2276 4199 discas.
2335 4134 2527 4198 Haud
2574 4133 2762 4195 dubie

494 4243 662 4307 enim
705 4240 807 4302 vir
837 4240 1063 4305 doctus
1089 4243 1388 4322 plurimis
1413 4260 1705 4304 summae
1729 4242 2076 4306 vetustatis
2111 4239 2529 4301 monumentis
2549 4237 2761 4299 orien—

496 4347 726 4409 talibus
764 4345 1111 4413 instructus
1154 4364 1297 4410 eam
1363 4346 1593 4430 quovis
1640 4346 1781 4426 loco
1812 4346 2146 4410 lectionem
2194 4340 2367 4405 dedit
2381 4359 2405 4426 3
2467 4359 2654 4425 quam
2673 4387 2676 4390 .
2695 4341 2759 4402 in
