2984 5067
2181 1 2404 14 “vv-w-——q
2427 3 2708 14 -ffinjvss-vwr

1132 340 1558 415 .—3-

220 526 477 591 modum
533 533 958 590 statueremus
975 569 999 610 ‚
1060 522 1118 586 Ia
1133 542 1223 588 ac
1237 524 1283 586 h
1297 544 1363 587 m
1378 523 1561 588 an'ni
1600 523 1814 589 ,crisin
1881 530 2137 587 nostrae
2184 540 2500 586 censurae

220 629 327 694 hic
371 629 833 719 subjiciendam
880 648 1034 692 esse
1076 630 1463 712 putavimus.

395 734 757 816 Disputatio
801 741 1019 796 nostra
1077 734 1197 795 erit
1253 734 1573 816 bipartita:
1651 731 1868 796 Primo
1931 733 2097 794 enim
2141 731 2327 814 leges
2368 730 2501 793 cri-

219 839 430 922 ticas,
474 856 637 921 quas
679 838 804 901 sibi
836 836 1138 899 Lachm
1154 856 1412 901 annus
1457 838 1756 920 imposuit
1805 836 2260 916 consiliumque
2299 833 2379 895 ab
2421 850 2499 894 eo

219 951 475 1025 captum
537 940 1063 1023 ponderabimus3
1129 940 1357 1018 deinde
1404 941 2001 1004 Lachmannum
2063 957 2255 1022 quum
2313 937 2500 1021 leges

218 1064 374 1110 suas
410 1064 579 1109 nunc
623 1027 996 1127 sequeretur
1037 1064 1205 1108 nunc
1244 1045 1516 1116 violaret
1559 1045 1824 1108 Novum
1868 1043 2350 1106 Testamentum
2397 1041 2499 1102 in-

219 1150 584 1215 credibilem
627 1149 694 1210 in
737 1149 990 1212 modum
1044 1135 1449 1230 'depravasse
1493 1156 1797 1230 textuque
1838 1155 2095 1229 recepto
2142 1147 2333 1208 multo
2376 1163 2500 1227 pe-

213 1255 415 1337 jorem
460 1253 706 1316 textum
739 1253 1213 1337 conglutinasse
1254 1253 1501 1315 idoneis
1536 1254 1847 1334 exemplis
1874 1253 2128 1333 planum
2165 1250 2497 1314 faciemus.

91 1343 99 1423 ]
219 1359 524 1423 ceterum
562 1357 1089 1422 Lachmanni.
1123 1358 1451 1420 consilium
1498 1365 1563 1418 et
1601 1359 1884 1441 regulas·
1907 1355 2052 1438 ejus
2089 1354 2346 1419 criticas
2401 1352 2500 1416 sic

216 1462 564 1527 afferemus
581 1507 605 1548 ,
644 1471 718 1525 ut
759 1461 970 1524 virum
1010 1461 1261 1526 doctum
1303 1461 1662 1544 loquentem
1705 1461 2097 1523 inducamus.

778 1668 1345 1743 LACHMANNI
1414 1654 1937 1732 CONSILIUM.

385 1809 640 1895 „Levis
684 1818 751 1872 et
792 1788 1069 1870 omnium·
1115 1808 1492 1872 criticorum
1507 1853 1530 1894 7
1589 1808 1699 1890 qui
1741 1809 1960 1871 seculo
2003 1806 2257 1872 XVIII.
2302 1809 2498 1873 vixe-

213 1919 393 1998 runtj
427 1933 562 1998 ,uno
607 1921 878 1995 excepto
911 1911 1146 1976 Rich.
1191 1911 1598 1997 Bentlejo,
1645 1920 1713 1974 et
1745 1913 1950 1994 ipsius
1975 1910 2497 1976 Griesbachii

212 2018 400 2109 crisis
443 2018 578 2080 fuit.
643 2009 793 2094 'Qui
834 2017 968 2079 nixi
1008 2016 1283 2079 editione
1327 2017 1731 2079 Elseviriana
1776 2011 1972 2106 [anni
2020 2008 2284 2105 1624),
2330 2034 2496 2100 quae

213 2141 253 2185 e
293 2121 701 2203 paucissimis
747 2128 811 2182 et
856 2120 1017 2181 satis
1060 2119 1420 2182 recentibus
1481 2119 1811 2183 codicibus
1827 2164 1850 2204 ,
1918 2140 1957 2184 e
2001 2122 2299 2184 versione
2342 2123 2497 2184 vul-

213 2234 369 2310 gata
413 2232 481 2286 et
540 2223 797 2306 scriptis
857 2224 1285 2285 nonnullorum
1342 2241 1467 2284 non
1529 2232 1829 2287 accurate
1889 2224 2193 2287 editorum
2236 2223 2498 2288 Patruin

211 2328 447 2392 hausta
491 2337 594 2391 est
636 2322 752 2417 [v.
779 2324 1312 2390 Griesbachii
1356 2326 1445 2388 N.
1491 2326 1568 2388 Τ.
1615 2328 1665 2389 Ι.
1702 2326 2006 2412 Prolegg.
2044 2348 2105 2410 p.
2140 2328 2493 2392 XXXVII.

213 2431 319 2497 ed.
367 2431 418 2494 S
437 2452 476 2496 c
494 2424 732 2520 hul'z]
752 2475 779 2517 ,
824 2430 977 2493 nihil
1020 2431 1469 2511 pr‘aestiterunt
1482 2475 1517 2515 ,.
1561 2432 1687 2493 nisi
1731 2432 1897 2514 quod
1942 2433 2242 2495 nonnulla·
2279 2440 2495 2496 textus

209 2533 597 2600 Elseviriani
656 2535 840 2597 vitia·
880 2544 1311 2598 correxerunt.
1402 2532 2018 2608 Griesbachius
2076 2556 2160 2599 an
2223 2537 2496 2600 idoneae

208 2658 451 2705 causae
513 2647 851 2722 poscerent
866 2683 887 2722 ,
948 2647 1018 2702 ut
1080 2641 1266 2701 lectio
1327 2639 1743 2701 Eleeviriaua
1802 2648 2197 2719 mutaretur,
2261 2642 2495 2724 quovis

209 2745 350 2807 loco
394 2744 757 2827 anquisivit.
848 2743 944 2805 Ita
988 2745 1097 2826 qui
1140 2752 1328 2807 caute
1388 2750 1456 2805 et
1499 2744 1787 2807 modeste
1831 2761 2029 2829 agere
2073 2745 2388 2807 voluisset
2428 2745 2495 2807 in

209 2848 587 2911 temeritatis
649 2848 889 2911 crimen
950 2847 1305 2911 incucurrit.
1395 2848 1643 2911 Incauti
1708 2857 1812 2911 est
1871 2849 2039 2910 enim
2080 2867 2206 2911 non
2248 2856 2493 2912 mutare

205 2952 544 3016 lectionem
575 2953 743 3014 male
769 2959 1087 3015 testatam.
1148 2948 1315 3027 Quin
1346 2969 1702 3036 tin-graves
1738 2953 2014 3015 rationes
2058 2953 2378 3035 postulent
2422 2962 2493 3016 ut

208 3057 397 3118 lectio
457 3060 689 3135 optime
752 3062 986 3121 testata
1046 3059 1412 3134 rejiciatur,
1475 3054 1540 3116 id
1592 3057 1935 3137 quaeritur.
2027 3056 2119 3118 At
2179 3062 2489 3141 vulgares

206 3159 430 3224 Critici
475 3178 666 3240 quum
709 3159 1015 3220 lectiones
1057 3158 1499 3220 Elsevirianas
1563 3178 1687 3219 non
1748 3160 1956 3222 minus
2006 3159 2172 3222 bene
2215 3168 2490 3224 testatas

206 3281 362 3324 esse
407 3264 597 3344 q'uam
658 3261 1003 3342 scripturas
1071 3262 1151 3324 ab
1209 3261 1289 3323 iis
1356 3261 1801 3345 discrepantes
1863 3283 1978 3347 pro
2038 3282 2158 3327 sua
2223 3263 2488 3327 levitate

202 3365 610 3449 sumsissent,
658 3366 716 3426 si
755 3383 920 3447 quae
957 3365 1283 3429 variantes
1327 3367 1635 3430 lectiones
1676 3368 2013 3451 graviores
2040 3368 2227 3430 visae
2264 3376 2490 3431 essent

201 3470 496 3533 continuo
541 3473 821 3530 internis
864 3470 1256 3552 argumentis
1299 3489 1460 3535 vera
1503 3489 1543 3534 a
1584 3470 1769 3534 falsis
1815 3471 2257 3554 dijudicarunt.
2306 3472 2486 3536 Nihil

202 3591 362 3636 vero
408 3572 490 3634 ad
533 3572 838 3636 Criticum
859 3616 882 3656 ,
930 3582 1136 3636 utrum
1178 3574 1368 3639 lectio
1407 3576 1632 3660 gravis
1675 3577 1802 3660 sit,
1848 3594 1931 3639 an
1969 3578 2137 3639 levis
2178 3568 2295 3665 ⁴³).
2352 3579 2485 3640 Imo

200 3677 267 3739 in
312 3684 529 3739 textus
572 3677 960 3740 Elseviriani
1008 3680 1177 3742 male
1242 3680 1458 3742 testati
1517 3680 1724 3744 locum
1766 3687 2023 3765 textus,
2094 3683 2200 3765 qui
2261 3685 2483 3764 quarto

198 3781 419 3844 seculo
484 3781 762 3843 maxime
820 3782 1128 3866 vulgatus
1192 3792 1371 3869 erat,
1439 3784 1918 3847 substituendus
1962 3793 2067 3848 est
2089 3829 2113 3869 ,
2182 3787 2272 3848 ita
2329 3794 2400 3849 ut
2443 3806 2482 3849 e

198 3883 483 3963 plurimis
527 3886 695 3948 illius
740 3887 975 3948 aetatis
1013 3887 1322 3950 subsidiis
1367 3887 1607 3952 criticis
1649 3889 2020 3971 simpliciter
2057 3890 2485 3954 transscriba-

200 3994 338 4069 tur,
400 4005 523 4049 non
565 3990 770 4070 qualis
811 3990 916 4052 ille
961 3998 1092 4052 tum
1137 3990 1442 4073 temporis
1484 3990 1678 4055 fuerit
1718 3995 1782 4055 in
1825 3992 2116 4058 codicum
2176 3994 2479 4059 dissensu

197 4092 478 4152 internis
522 4094 912 4177 argumentis
955 4094 1376 4158 constituatur
1406 4086 1567 4182 Μ).
1656 4098 1800 4161 Hoc
1841 4116 1966 4182 ego
2017 4098 2289 4163 editione
2330 4117 2479 4163 mea

304 4299 363 4358 *)
401 4299 468 4349 cl'.
507 4300 726 4351 Studien
764 4304 864 4352 und
902 4303 1140 4354 Kritiken
1185 4303 1338 4357 1830.
1374 4320 1423 4367 p.
1463 4304 1589 4356 820.

271 4403 355 4470 *Ἴ
398 4404 464 4454 cl'.
501 4404 690 4455 ibidem
729 4420 781 4468 p.
817 4405 943 4459 820.
1014 4408 1174 4476 „Nur
1228 4410 1374 4461 dieue
1410 4412 1556 4462 neine
1606 4413 1698 4462 auf
1729 4412 1899 4464 nicht·
1930 4415 2120 4465 anderu
2157 4416 2233 4465 als
2271 4416 2477 4466 Ueber-
