2984 5067
1147 378 1585 441 -41-

232 556 641 635 ἐκδέχεσθαι,
704 546 804 614 ὅτι
863 555 973 631 μὲν
1035 551 1110 615 οὗ
1166 552 1697 634 κοιμηθησόμεθα
1739 552 1852 635 τήν
1897 579 1991 638 χρ
2016 579 2050 620 ο
2074 581 2107 620 ν
2132 582 2153 622 ι
2177 552 2331 639 κήν
2378 564 2506 624 κοί-

229 678 418 739 μησιν
462 654 624 720 ὥστε
668 654 977 735 δεηθῆναι
1020 655 1226 738 ταφῆς
1279 664 1381 720 καὶ
1441 656 1675 730 λύσεως
1718 657 1833 739 τῆς
1872 663 1957 732 εἰς
1995 660 2248 740 φθοράν
2265 706 2288 738 ,
2339 662 2505 726 ἀλλά

233 759 333 825 σό
358 785 395 824 ν
419 782 510 824 το
536 784 582 840 μ
607 784 642 823 ο
664 784 700 823 ν
741 757 850 822 τόν
890 758 1176 823 θάνατον
1225 765 1286 823 οἱ
1328 759 1475 825 τότε
1514 760 1931 845 εὑρισκόμενοι
1972 763 2371 844 ὑπομενοῦσι,
2417 769 2504 849 μη

232 862 518 945 δεόμενοι
585 887 670 946 χρ
691 886 776 926 ον
794 885 864 926 ικ
882 861 925 944 ἦ
941 886 974 935 ς
1028 860 1362 944 κοιμήσεως
1433 862 1540 928 διά
1597 861 1711 946 τήν
1781 869 2131 947 παραυτίκα
2188 875 2508 951 γινομένην

232 965 610 1042 ἀνάστασιν,
658 953 727 1053 (1
747 953 816 1051 Ι]
878 963 1106 1038 πάντες
1150 969 1218 1029 δὲ
1278 966 1776 1051 ἀλλαγήσονται,
1835 975 2155 1034 τουτέστιν
2191 970 2507 1055 ἀθαρσίαν

234 1069 619 1136 ἐνδόσονται.
679 1066 1110 1131 oecumenius
1150 1070 1338 1150 paulo
1381 1079 1565 1134 ante:
1626 1070 1808 1136 ἄλλοι
1852 1076 1928 1136 δέ
1968 1071 2062 1137 τό·
2106 1072 2195 1138 οὖ
2241 1099 2510 1158 κοιμη-

232 1170 734 1256 θησόμεθα,
797 1174 983 1252 φασί,
1030 1180 1166 1254 περὶ
1212 1173 1330 1238 τοῦ
1371 1174 1731 1256 μακροῦ
1774 1175 2064 1241 θανάτου
2109 1176 2303 1242 αὐτόν
2344 1186 2507 1263 εἰρη-ί

232 1284 409 1342 κέναι
450 1275 611 1340 ὥστε
657 1274 909 1358 φθορᾶς
950 1283 1053 1340 καὶ
1103 1275 1442 1350 διαλύσεως
1496 1277 1820 1357 δεηθῆναι·
1884 1275 1957 1343 τό
2002 1279 2118 1363 γάρ
2162 1288 2229 1344 ἐν
2269 1282 2509 1364 ἀτόμῳ,

229 1382 431 1466 ἤγουν
473 1382 539 1444 ἓν
599 1379 858 1462 στιγμῇ,
920 1379 984 1442 ἔν
1030 1379 1178 1463 ριπῇ
1235 1380 1614 1463 ὀφθαλμοῦ,
1680 1379 1876 1462 ἤγουν
1914 1384 2082 1465 φορᾷ
2125 1393 2229 1449 καὶ
2277 1386 2512 1468 κινήσει

232 1493 341 1550 καὶ
374 1484 533 1572 ὁρμῇ
575 1482 927 1548 ἀποθανεῖν
970 1490 1072 1546 καὶ
1103 1481 1453 1564 ἀναστῆναι
1480 1483 1672 1547 οὐδὲ
1713 1487 1946 1566 κοίμη
1966 1507 2088 1550 σιν
2131 1489 2342 1553 εἶναι
2388 1481 2511 1577 [1]

231 1592 443 1672 φασίν.
528 1586 779 1649 Deinde
818 1585 1238 1648 dubitationes
1282 1585 1683 1669 dogmaticas
1718 1586 1912 1650 multo
1954 1587 2350 1671 frequentius
2392 1595 2518 1656 ab·-

229 1689 436 1755 surda
474 1698 693 1753 textus
757 1688 1214 1775 explicatione,
1280 1708 1470 1772 quam
1524 1690 1718 1772 impia
1761 1697 1977 1754 textus
2031 1692 2514 1774 interpolatione

229 1794 584 1877 antiquitus
638 1794 926 1856 sublatas
992 1811 1143 1855 esse
1212 1791 1773 1878 Rueckertus,
1846 1794 1944 1857 de
2001 1794 2383 1860 Wettius
2448 1806 2520 1860 et

231 1897 319 1961 ΙΙ
331 1916 430 1979 ey
445 1916 484 1959 e
499 1917 530 1959 r
544 1914 638 1960 us
680 1897 850 1960 scire
893 1897 1258 1984 debuerant.
1316 1896 1656 1961 Dixissent
1699 1899 1958 1982 aliquid,
2003 1900 2171 1982 quod
2211 1899 2518 1964 historiae

229 2000 471 2065 indicio
515 2001 740 2063 muniri
786 2000 1133 2085 potuisset,
1180 2000 1242 2062 si
1277 2010 1668 2065 correctores
1705 2002 1856 2067 πάν
1873 2027 1996 2076 τες
2036 2009 2146 2084 μὲν
2179 2004 2257 2069 οὗ
2302 2020 2516 2087 κοιμηι

233 2104 621 2186 θησόμεθα,
683 2104 909 2178 πάντες
970 2109 1036 2168 δὲ
1098 2103 1599 2188 ἀλλαγησόμεθα
1656 2105 1722 2167 in
1781 2105 2009 2179 πάντες
2050 2111 2160 2187 μὲν
2206 2116 2517 2189 κοιμηθησ-

233 2207 516 2290 σόμεθα,
560 2208 635 2273 οὐ
670 2207 898 2280 πάντες
928 2212 995 2272 δὲ
1024 2207 1521 2292 ἀλλαγησόμεθα
1548 2216 1836 2271 mutasse
1871 2208 2370 2294 contendissent,
2409 2207 2521 2293 qui

236 2312 471 2385 πάντες
511 2317 622 2393 μὲν
668 2310 760 2376 οὔ
806 2310 1478 2392 κοιμηθησόμεθα
1521 2328 1665 2373 cum
1709 2311 1996 2374 v.v.22.
2041 2311 2246 2394 ὥσπερ
2291 2311 2407 2397 γάρ
2448 2321 2515 2377 ἐν

237 2418 335 2494 τῷ
372 2414 570 2497 Ἀδάμ
631 2413 917 2488 πάντες
978 2413 1665 2495 ἀποθνήσκουσιν
1723 2422 1792 2476 et
1850 2415 2120 2477 alterum
2170 2417 2520 2479 membrum

239 2519 471 2593 πάντες
536 2524 605 2583 δὲ
661 2516 1160 2603 ἀλλαγησόμεθα
1212 2536 1358 2582 cum
1420 2537 1606 2582 voce.
1649 2538 1716 2581 v.
1759 2516 1867 2581 52.
1910 2527 2015 2583 καὶ
2053 2519 2277 2600 ἡμεῖς
2324 2520 2520 2586 ἀλλα-

240 2624 575 2708 γησόμεθα
635 2641 919 2705 pugnare
971 2621 1096 2683 sibi
1154 2622 1649 2704 persuasissent.
1736 2623 2287 2705 Hieronymus
2333 2627 2520 2707 epist.

237 2726 328 2791 ad
375 2727 717 2789 Minerium
759 2734 829 2788 et
869 2725 1325 2788 Alexandrum.
1400 2725 1772 2810 „Didymus
1812 2746 1898 2790 ex
1940 2723 2257 2808 Origene:
2301 2744 2523 2790 omnes

237 2829 501 2913 quidem
545 2830 928 2893 dormiemus
994 2830 1032 2890 i.
1099 2849 1158 2895 e.
1222 2830 1589 2912 moriemur,
1647 2849 1771 2892 non
1827 2848 2052 2892 omnes
2093 2837 2307 2892 autem
2321 2873 2345 2913 ‚
2405 2831 2528 2892 sed

234 2935 375 2996 soli
410 2938 666 3011 sancti,
711 2933 1190 2995 immutabimur.
1279 2930 1433 2995 Seio
1478 2933 1645 3013 quod
1706 2933 1771 2994 in
1830 2934 2142 2996 nonnullis
2196 2933 2523 2998 codicibus

237 3038 548 3118 scriptum
586 3046 691 3099 est
732 3056 869 3099 non
932 3037 1185 3118 quidem
1253 3054 1476 3096 omnes
1542 3037 1970 3114 dormiemus,
2039 3056 2265 3099 omnes
2305 3045 2520 3099 autem

238 3143 739 3203 immutabimur.
827 3138 963 3202 Sed
1005 3137 1532 3202 considerandum
1547 3181 1571 3221 ‚
1616 3157 1698 3201 an
1737 3138 1833 3220 ei,
1879 3139 2046 3219 quod
2102 3141 2524 3221 praemissum

239 3253 348 3308 est
393 3237 508 3332 (v.
554 3243 635 3306 51
645 3235 745 3326 J
789 3262 1013 3305 omnes
1054 3243 1528 3303 immutabimur
1570 3240 1776 3322 possit
1809 3242 2150 3303 convenire
2191 3242 2360 3324 quod
2404 3260 2523 3326 se·-

240 3349 454 3430 quitur
500 3340 615 3435 (v.
660 3338 860 3431 520:
925 3344 1149 3407 mortui
1191 3351 1528 3426 resurgent
1586 3344 1921 3425 incorrupti
1984 3353 2051 3406 et
2117 3364 2241 3406 ηοε
2290 3346 2524 3407 immu-

238 3452 529 3517 tabimur.
615 3449 690 3511 Si
732 3450 898 3512 enim
942 3466 1165 3509 omnes
1206 3446 1697 3511 immutabuntur
1737 3456 1808 3510 et
1843 3447 1966 3511 hoc
2005 3467 2335 3512 commune
2380 3467 2523 3511 cum

240 3555 520 3619 caeteris
579 3561 684 3616 est
748 3551 1133 3633 superfluum
1196 3550 1314 3612 fuit
1394 3550 1610 3613 dicere
1688 3558 1754 3612 et
1813 3571 1859 3613 n
1877 3572 1913 3614 ο
1931 3574 1969 3614 ε
2031 3555 2525 3614 immutabimur.

246 3657 307 3735 Q
323 3678 426 3720 εια
442 3678 503 3719 m
522 3659 609 3720 ob
626 3677 782 3719 rem
827 3657 918 3719 ita
954 3653 1293 3739 legendum
1336 3663 1481 3716 est:
1550 3672 1770 3715 omnes
1812 3659 2070 3735 quidem
2115 3658 2521 3739 dormiemus,

240 3764 366 3825 sed
423 3780 561 3823 non
625 3779 847 3822 omnes
910 3759 1400 3821 immutabimur.
1488 3755 1563 3818 Si
1608 3756 1775 3817 enim
1834 3758 1899 3819 in
1952 3756 2165 3820 Adam
2236 3777 2272 3819 ο
2288 3777 2461 3824 mne
2487 3777 2526 3818 s

240 3871 613 3929 moriuntur
655 3857 770 3952 (v.
814 3853 973 3949 22.)
1037 3869 1104 3924 et
1166 3863 1232 3923 in
1283 3868 1484 3922 morte
1545 3858 1829 3922 dormitio
1895 3869 1999 3923 est
2015 3902 2038 3943 ,
2073 3854 2326 3924 ’omnes
2369 3877 2524 3942 ergo

242 3969 627 4034 dormiemus
671 3967 820 4029 sive
870 3966 1210 4029 moriemur
1226 3954 1297 4025 1“
1335 3956 1432 4052 *J
1522 3960 1661 4025 Sed
1718 3981 2108 4048 magnopere
2162 3962 2523 4027 cavendum

351 4230 411 4289 *)
450 4230 699 4291 Petuntur
713 4243 732 4276 .-
770 4229 953 4296 omnes
987 4225 1185 4288 quidem
1234 4235 1558 4285 resumemus
1568 4259 1591 4290 ,
1640 4224 1737 4273 sed
1767 4234 1873 4272 ιιοιι
1923 4234 2096 4273 omum
2131 4224 2523 4274 immutabimur.

457 4315 651 4365 Omnes
687 4299 922 4364 homines
956 4312 1238 4377 resurgent
1252 4344 1271 4377 ‚
1320 4312 1416 4362 sed
1449 4310 1578 4376 soli,
1626 4308 1716 4371 qui
1765 4311 2031 4370 requieturi
2076 4317 2196 4360 sunt
2242 4310 2300 4358 in
2334 4309 2524 4377 aleria,

455 4404 807 4451 mutabuntur.
880 4400 1009 4449 Sive
1047 4400 1119 4448 ita
1135 4431 1157 4467 ,
1208 4410 1545 4462 resurgemus
1585 4409 1764 4445 omnes
1779 4427 1799 4464 ,
1851 4397 1938 4456 qui
1973 4397 2024 4444 ln
2064 4398 2296 4445 adventu
2332 4394 2528 4445 Christi

2031 4466 2075 4526 6
