2984 5067
1258 349 1695 418 ...ω-

336 522 557 620 αι’τῷ)
620 537 762 594 rata
803 515 963 594 flunt
1004 526 1197 612 idque
1258 528 1401 593 Deo
1461 530 1526 592 in
1584 515 1858 593 laudem'
1900 524 2073 592 cedit
2126 543 2265 589 meo
2324 521 2626 604 Apostoli

337 642 705 702 nucamenta
766 625 896 722 (δι’
957 624 1209 722 ἡμῶν).
1319 631 1620 697 christum
1681 631 1883 696 effluit
1895 674 1919 715 ,
1983 638 2056 694 ut
2116 629 2241 694 Dei
2304 628 2624 712 promissa

339 749 669 806 eventum.
696 727 1004 801 habeant:
1062 736 1248 801 Pauli
1302 737 1685 820 interventu,
1730 735 1841 819 qui
1886 733 2233 799 Corinthiis
2276 732 2632 798 doctrinam

337 845 558 911 christ.
603 842 886 928 tradidit,
932 841 1112 905 Deus
1156 859 1197 905 a
1241 839 1585 905 Corinthiis
1630 840 1987 903 celebratur
2000 829 2040 923 ,'
2088 837 2258 921 quod
2287 849 2425 901 'sua
2467 856 2625 920 pro-

336 949 544 1011 missa
584 965 702 1029 per
746 944 1072 1011 Christum
1116 953 1255 1008 rata
1298 963 1452 1007 esse
1497 944 1786 1006 voluerit.
1874 941 1949 1004 Si
1994 941 2297 1005 Corinthii
2339 960 2380 1006 a
2421 941 2626 1006 Paulo

337 1071 462 1117 non
503 1050 770 1115 instituti
823 1049 1130 1134 fuissent,
1195 1057 1262 1112 et
1303 1047 1428 1111 Dei
1474 1047 1808 1134 ⁴promissa
1862 1047 2227 1131 ignorarent
2288 1064 2499 1130 neque
2544 1063 2627 1107 ea

331 1176 454 1237 per
496 1153 826 1218 Christum
871 1162 1173 1216 eventum
1216 1152 1525 1216 habuisse
1544 1211 1548 1215 .
1568 1150 1806 1213 scirent
1860 1168 2067 1232 neque
2110 1150 2320 1214 Deum
2362 1149 2627 1213 laudare

338 1265 609 1344 possent
649 1243 1006 1343 propterea,
1053 1256 1222 1341 quod
1263 1274 1386 1319 sua
1425 1254 1744 1337 promissa
1783 1272 1899 1336 per
1923 1252 2253 1318 Christum
2293 1263 2435 1319 rata
2469 1272 2628 1318 esse

330 1360 664 1445 jussisset.
770 1361 1130 1443 Aptissima
1171 1368 1318 1424 sunt
1379 1360 1575 1423 etiam
1628 1343 1831 1422 verba
1873 1362 1965 1440 τῷ
2006 1360 2141 1441 θεῷ
2202 1356 2363 1443 nocie
2422 1358 2631 1433 δόξαν.

340 1466 519 1530 Nam
579 1465 640 1528 si
683 1464 807 1528 Dei
849 1466 1165 1548 promissa
1206 1483 1323 1547 per
1368 1463 1696 1528 Christum
1740 1461 1824 1526 ad
1869 1469 2170 1524 eventum
2212 1448 2630 1547 adducuntur,

220 1581 229 1590 '
340 1569 701 1634 rectissime
781 1570 912 1631 Dei
975 1573 1291 1633 veracitas
1373 1566 1685 1631 laudatur.
1801 1563 1858 1628 L
1879 1586 1919 1630 a
1935 1579 1974 1631 c
1991 1566 2035 1628 h
2053 1586 2115 1629 m
2137 1585 2174 1629 a
2191 1587 2285 1631 nn
2305 1587 2349 1630 u
2368 1586 2403 1629 s
2426 1610 2451 1652 ,
2526 1567 2632 1631 cui

343 1671 885 1746 Rueck-crtus
928 1680 997 1736 et
1038 1674 1439 1756 Meyer-us
1482 1672 1785 1756 accessit,
1827 1690 1913 1735 ex
1956 1670 2040 1733 A.
2083 1671 2157 1748 Β.
2181 1670 2305 1751 Οῢ.
2347 1679 2419 1756 et
2461 1672 2632 1733 mul-

345 1776 433 1840 tis
478 1778 622 1842 aliis
671 1776 878 1841 dedit:
917 1772 1063 1840 ὅσαι
1106 1775 1233 1862 γάρ
1275 1774 1622 1858 ἐπαγγελίαι
1654 1776 1835 1850 θεοῦ,
1880 1776 1947 1837 ἐν
1990 1776 2168 1857 αὐτῷ
2209 1772 2284 1842 to*
2315 1778 2436 1839 ναῘ.
2480 1771 2631 1839 Aa&

342 1885 476 1945 καὶ
521 1874 612 1944 δι’
652 1863 921 1945 αὗτοῧ
956 1876 1042 1944 τὸ
1090 1875 1305 1962 ἆμήν
1349 1881 1442 1962 τῷ
1482 1880 1626 1962 θεῷ·
1658 1874 1820 1966 πρός
1850 1878 2038 1953 δόξαν
2084 1873 2382 1959 δι’ἤμαῗν.
2445 1880 2635 1945 Haeo

344 2004 387 2050 a
432 1984 668 2062 criticis
707 1984 854 2048 olim
894 1992 1072 2049 recte
1136 1984 1432 2068 neglecta
1473 1983 1664 2048 lectio
1703 1982 2047 2047 manifesta
2088 1984 2484 2067 interpolatio
2531 1991 2636 2047 est

343 2108 432 2154 ex
475 2106 556 2152 eo
597 2097 772 2174 nata,
818 2088 986 2174 quod
1023 2089 1260 2152 librarii
1301 2079 1374 2152 τὸ
1413 2084 1576 2167 ἁμήν
1622 2086 2066 2172 doxologicum
2112 2081 2289 2174 essej
2340 2087 2524 2172 -quod
2567 2087 2636 2150 in

343 2181 555 2260 sacris
578 2194 1018 2258 'conventibus
1063 2211 1293 2257 corona
1335 2192 1566 2256 cecinit
1609 2183 1722 2279 (v.
1771 2192 1805 2255 1
1854 2192 2004 2256 Cor.
2036 2186 2348 2283 14,016.],
2391 2201 2634 2257 temere

344 2298 582 2382 opinati
644 2307 792 2362 sunt
834 2291 1128 2387 (Syrus,
1189 2295 1499 2380 Pelagius
1540 2297 1653 2360 al.:
1719 2296 1866 2359 ideo
1923 2316 2046 2376 per
2106 2287 2637 2378 spemn-dicimus

345 2401 561 2465 Amen
605 2404 698 2465 ad
728 2404 1010 2480 gloriam
1042 2392 1250 2494 pei).
1335 2400 1383 2463 J
1387 2419 1491 2463 am
1530 2409 1603 2464 ut
1643 2400 1895 2465 scribae
1938 2401 2091 2465 illud
2134 2420 2320 2465 amen
2364 2400 2636 2465 doxolo-

345 2507 563 2591 gicum
607 2507 1146 2588 nanciscerentur,
1203 2512 1350 2566 ante
1406 2502 1479 2567 τό
1521 2501 1694 2585 α’μήυ
1744 2524 1977 2569 novam
2026 2505 2405 2569 sententiam
2444 2505 2638 2574 ordiri

348 2609 718 2674 debuerunt.
819 2599 1047 2691 ltaque
1101 2607 1320 2670 verbis
1381 2607 1444 2672 ἔν
1491 2606 1687 2694 ,αύτῷ
1724 2605 1799 2673 τό
1841 2612 1947 2675 ναὶ
2001 2609 2329 2694 periodum
2370 2613 2636 2674 clause-

348 2722 495 2779 runt
550 2722 616 2777 et
670 2720 742 2777 ut
799 2711 1156 2775 sententiae
1212 2710 1473 2775 vinctae
1529 2721 1751 2777 essent
1803 2713 1901 2778 διό
1960 2715 2389 2779 inculcarunt:
2435 2750 2518 2762 -
2566 2715 2635 2778 ἐν

345 2814 523 2901 αὐτῷ
565 2810 638 2882 τό
684 2820 801 2881 val.
867 2810 1022 2880 Λιό
1066 2817 1169 2879 καῖ
1211 2809 1290 2880 δι’
1334 2812 1541 2883 αὐτοῦ
1580 2814 1653 2882 ‘to‘
1692 2812 1862 2898 α’μήν
1905 2819 1998 2902 τῷ
2060 2819 2196 2901 θεῷ
2243 2815 2401 2903 πρὸς
2444 2818 2634 2895 δόξαν

347 2916 429 2988 δι’
472 2921 655 3002 ἡμῶν
713 2920 778 2983 h.
824 2938 923 2989 s.:
986 2939 1136 2983 nam
1178 2929 1481 3004 quotquot
1524 2931 1671 2986 sunt
1712 2924 1839 2986 Dei
1879 2922 2219 3008 promissa,
2277 2943 2394 3006 per
2432 2922 2635 2988 Chri-

348 3035 521 3091 stum
579 3033 692 3089 est
756 3043 970 3088 eorum
1035 3023 1119 3087 ad
1185 3033 1484 3088 eventum
1542 3025 1838 3091 adductio
1900 3021 2068 3117 (das
2114 3028 2433 3111 samsone
2473 3027 2521 3090 J
2524 3020 2632 3117 a).

349 3129 523 3195 Hinc
577 3130 771 3194 etiam
826 3149 949 3212 per
1011 3127 1339 3193 Christum
1399 3148 1588 3193 amen
1647 3129 2090 3216 doxologicum
2138 3140 2242 3195 est
2299 3132 2366 3196 in
2424 3132 2636 3195 sacris

347 3234 765 3300 conventibus
793 3233 934 3297 Deo
976 3233 1040 3295 in
1080 3232 1336 3296 laudem
1375 3251 1493 3316 per
1522 3252 1627 3299 me
1670 3234 1734 3297 h.
1762 3254 1824 3305 e.
1859 3235 2009 3300 hinc
2050 3235 2244 3299 etiam
2281 3255 2398 3318 per
2433 3234 2635 3299 Chri-

349 3348 522 3404 stum
565 3357 751 3402 amen
794 3338 1081 3401 canimus
1123 3337 1186 3419 in
1229 3338 1434 3401 sacris
1475 3339 1918 3425 conventibus,
1960 3359 2085 3423 quo
2117 3339 2301 3403 Deus
2337 3335 2635 3403 celebre-

347 3450 471 3526 tur,
513 3460 632 3523 per
672 3459 797 3509 me.
883 3439 1231 3503 Praeterea
1273 3441 1771 3516 Lachmanni
1812 3445 2127 3527 scriptura
2166 3442 2411 3507 duobus
2452 3442 2637 3505 vitiis

344 3546 610 3616 laborat.
700 3542 966 3607 Scilicet
1022 3562 1135 3625 pro
1200 3545 1262 3609 ἐν
1320 3541 1499 3627 αὐτῷ
1558 3546 1753 3613 habet
1783 3541 1872 3611 ’δι’
1926 3545 2144 3626 αὐτοῦ,
2207 3549 2636 3611 certissimum

347 3651 699 3738 glossema,
743 3666 953 3732 neque
1001 3643 1080 3711 δι’
1117 3643 1327 3714 αὐτοῦ·
1357 3659 1424 3714 et
1464 3646 1544 3714 δι’
1584 3645 1876 3732 ἠμῶνᾸιι
1917 3672 2044 3717 una
2076 3653 2430 3737 eademque
2472 3671 2635 3716 sen-

347 3755 550 3826 tentia
593 3754 746 3818 ferri
790 3761 1075 3846 possunt.
1159 3754 1335 3818 Nam
1387 3757 1656 3819 alterum
1699 3758 1897 3820 altero
1940 3757 2189 3820 tollitur.
2277 3756 2639 3821 Senserunt

348 3859 476 3924 hoc
536 3859 830 3923 nonnulli.
918 3858 1142 3943 Itaque
1206 3853 1286 3922 δι’
1342 3858 1523 3940 ἡμῶν
1588 3869 2028 3943 expunxerunt
2096 3854 2207 3950 (1.
2252 3861 2452 3946 Vulg.
2492 3860 2635 3924 Pel.

348 3953 619 4053 FulgssJ.
655 3997 745 4009 —
783 3962 828 4026 2
873 3963 1013 4026 Gor.
1061 3962 1168 4047 12,
1211 3961 1419 4028 5-·7..
1450 3964 1590 4050 Eis.
1675 3963 1875 4051 ’Υπὲρ
1920 3968 2033 4029 τοῦ
2069 3959 2354 4031 τοιούτου
2386 3966 2634 4050 καυχή-

350 4090 558 4145 σομαι,
627 4065 789 4153 ὑπὲρ
851 4070 918 4133 δὲ
963 4069 1234 4147 ἐμαυτοῦ
1292 4062 1372 4131 ου’
1415 4068 1829 4152 καυχήσομαι,
1887 4074 1948 4135 εἰ
1983 4066 2073 4151 μή
2132 4072 2201 4136 ἐν
2244 4058 2382 4146 ταῖς
2427 4071 2634 4133 α’σθε-

350 4174 540 4246 νείαις
581 4194 719 4252 μου.
774 4166 937 4235 'Edu
980 4168 1102 4259 γάρ
1154 4172 1404 4251 θελήσω
1445 4174 1917 4258 καυχήσασθαι,
1961 4169 2077 4240 οὐκ
2120 4173 2342 4254 ἔσομαι
2386 4172 2633 4260 ἄφρων·

349 4270 659 4354 α’λήθειαν
700 4273 826 4361 γιὶρ
881 4277 1010 4361 ἐρῶ
1026 4296 1043 4312 ·
1107 4281 1392 4362 φείδομαι
1431 4279 1519 4356 δι’,
1561 4278 1649 4361 μή
1696 4305 1792 4354 τις
1833 4281 1922 4354 εἰς
1971 4277 2079 4360 ἐμὲ
2117 4282 2435 4365 λογίσηται
2472 4281 2636 4363 ὑπὲρ

260 4471 265 4476 Ι
347 4378 387 4447 ὃ
449 4381 658 4463 βλέπει
704 4371 829 4465 με,
898 4378 967 4459 υἷ’
1000 4376 1219 4449 α’κούει
1271 4410 1349 4457 τι,
1384 4385 1449 4461 ἐξ
1507 4383 1679 4465 ἐμοῦ.
1791 4387 1921 4452 Καὶ
1994 4386 2078 4474 τῇ
2136 4381 2456 4474 ὕπερβολῇ
2507 4371 2638 4449 τοῖν
