2984 5067
1365 339 1880 416 -ισ-’

404 517 409 524 ’
444 538 728 606 textum,
772 526 892 592 sed
938 545 1083 590 eum
1132 531 1408 588 mixtum
1450 526 1674 590 inesse
1714 526 1894 592 dixit.
1954 526 2022 590 Is
2065 522 2219 591 vero
2262 519 2411 593 Act.
2454 527 2565 614 26,
2607 529 2720 596 29.

448 635 697 701 desinit.
783 632 1008 715 Itaque
1050 628 1653 717 Lachmapnum
1697 631 1761 694 in
1802 631 2038 694 ultimis
2080 640 2364 695 actorum
2405 633 2724 696 sectioni-

444 743 567 806 bus
611 748 677 802 et
714 739 783 800 in
821 737 1111 820 epistolis
1151 732 1482 798 catholicis
1517 751 1640 797 non
1669 735 1875 798 solum
1907 735 2391 799 occidentalium
2425 737 2723 825 librorum

438 848 776 926 mutatio
789 887 815 919 ,
854 857 1090 921 ‚verum
1130 838 1324 899 etiam
1370 839 1556 900 lectio
1596 838 1795 902 latuit.
1862 840 2121 920 Nempe
2164 845 2523 902 varronem
2568 843 2724 903 vul-

439 955 661 1028 qulam
677 991 700 1031 ‚
744 961 936 1026 quam
979 959 1169 1006 unam
1214 942 1300 1004 ibi
1341 940 1563 1012 habuit
1608 935 1804 1030 [nam
1831 943 1912 1004 A.
1946 944 2021 1006 B.
2065 943 2145 1006 C.
2191 946 2540 1006 orientales
2582 945 2726 1008 libri

445 1043 642 1137 sunt]
684 1069 809 1112 non
851 1065 1073 1131 purum
1091 1089 1116 1131 ,
1174 1046 1294 1109 sed
1338 1043 2162 1142 micetnynflccidentalium
2204 1056 2448 1111 textum
2487 1049 2725 1123 afferre

445 1156 630 1239 dixit,
669 1152 898 1215 Patres
930 1157 1145 1213 autem
1170 1150 1625 1234 occidentales,
1667 1167 1928 1233 quorum
1955 1151 2319 1215 testimonia
2347 1152 2728 1216 deficientes

446 1258 707 1323 codices
748 1255 1150 1337 supplerent,
1218 1272 1342 1317 non
1384 1254 1564 1338 legit.-
1653 1251 1899 1318 Gravia
1952 1256 2199 1318 Irenaei
2219 1298 2243 1340 ,
2305 1255 2615 1340 Cypriani
2655 1265 2727 1320 et

396 1415 411 1446 ι.
448 1361 673 1428 Hilarii
708 1358 1145 1440 ‘Pictaviensis
1189 1358 1550 1421 testimonia
1601 1375 1680 1420 se
1723 1376 1847 1420 non
1886 1359 2231 1422 contulisse
2274 1359 2332 1419 L
2349 1359 2624 1422 aehma
2641 1379 2725 1422 n-

371 1448 375 1453 ’
450 1459 599 1546 ulus
641 1463 1107 1527 subindicavitz
1154 1462 1603 1525 Tertullianum
1652 1462 1969 1545 attingere
2011 1482 2084 1523 ee
2127 1482 2263 1525 non
2305 1449 2540 1527 aarum
2579 1485 2728 1526 esse

448 1576 671 1652 aperte
713 1566 893 1631 dixit.
948 1568 1112 1630 Tum
1156 1566 1587 1649 Augustinum
1621 1584 1742 1628 non
1778 1567 2114 1662 consulujt,
2161 1569 2309 1649 quia
2329 1567 2466 1650 jam
2501 1563 2730 1631 mdis

399 1724 414 1742 .
450 1673 777 1740 codicibus
818 1689 978 1733 usus
1020 1688 1172 1733 esse
1215 1670 1276 1732 ei
1311 1673 1489 1730 nebus
1511 1676 1702 1735 esset.
1764 1667 2101 1732 Postremo
2130 1671 2483 1752 cujusmodi
2530 1679 2728 1734 vetus
2839 1667 2877 1704 ·'

450 1777 758 1862 Syrorum
799 1774 1126 1838 translatio
1165 1758 1441 1854 Syriace
1486 1772 1710 1836 doctos
1769 1772 2057 1836 homines
2103 1775 2537 1840 demonstrare
2574 1774 2729 1857 jus-

451 1884 555 1946 sit.
659 1880 893 1944 Nullus
953 1894 1228 1959 unquam
1295 1874 1576 1939 Criticus
1637 1885 1769 1940 tam
1831 1877 2174 1960 imparatus
2229 1881 2569 1962 ,totiusque
2632 1879 2729 1940 rei

449 1986 711 2069 ignarus
756 1981 841 2046 ad
876 1982 965 2045 N.
1011 1980 1087 2042 T.
1132 1981 1326 2044 crisin
1370 1964 1695 2066 accessit,
1733 2000 1934 2063 ‘quam
1968 1982 2551 2046 Lachmannus.
2604 1983 2726 2054 ‚N.

450 2089 529 2152 T.
572 2086 833 2151 codices
877 2092 944 2147 et
991 2092 1209 2150 cetera
1249 2084 1540 2148 subsidia
1572 2085 1792 2149 critica
1835 2085 1899 2147 in
1945 2086 2108 2148 duas
2141 2088 2416 2168 classes,
2464 2106 2727 2169 quarum

450 2199 717 2274 utraque
754 2208 938 2253 suum
983 2188 1297 2272 quendam
1339 2197 1412 2252 et
1446 2171 1527 2251 ab
1553 2190 1815 2253 alterius
1851 2197 2031 2253 textu
2069 2190 2535 2272 discrepantem
2553 2261 2558 2270 ⁶
2576 2200 2730 2254 tex-

391 2324 403 2335 ·
452 2305 585 2360 tum
623 2297 958 2378 praeberet
997 2294 1282 2374 precario
1327 2294 1703 2378 dispescuit,
1745 2293 2111 2356 orientalem
2144 2303 2209 2358 et
2248 2295 2727 2359 occidentalem.
2760 2345 2765 2350 .

370 2419 375 2424 ·
444 2384 522 2464 'N
524 2419 629 2463 am
677 2418 885 2482 neque
928 2416 1074 2459 esse
1116 2396 1239 2458 has
1285 2396 1450 2459 duas
1495 2398 1748 2460 classes
1786 2396 1999 2461 docuit
2037 2413 2245 2480 neque
2277 2402 2513 2486 quibus
2557 2406 2729 2461 notis

451 2505 663 2567 altera
705 2503 787 2564 ab
830 2503 1039 2563 altera
1082 2502 1377 2576 dzynosci
1408 2508 1636 2579 posset
1673 2500 1967 2566 ostendit.
2041 2503 2269 2585 Itaque
2312 2504 2567 2585 quinam
2610 2521 2728 2566 co-

455 2606 640 2671 dices
678 2590 901 2686 purum
962 2611 1027 2665 et
1072 2604 1628 2666 incontaminatum
1688 2606 1798 2667 vel
1839 2606 2209 2669 orientalem
2271 2609 2378 2669 vel
2396 2623 2407 2635 ·
2422 2607 2732 2670 occiden-
2804 2673 2812 2681 ,

451 2711 642 2776 talem
686 2717 928 2772 textum
965 2707 1199 2790 quique
1234 2724 1456 2768 rursus
1489 2714 1734 2771 textum
1774 2728 1858 2770 ex
1892 2718 2154 2793 utroque
2189 2710 2524 2774 conflatum
2568 2731 2728 2775 con-

453 2814 726 2880 tinerent
753 2832 874 2891 pro
918 2813 1182 2873 arbitrio
1226 2810 1571 2878 constituit.
1657 2812 1832 2876 Nam
1876 2812 2042 2877 hanc
2096 2835 2228 2877 rem
2285 2836 2326 2877 e
2366 2818 2726 2901 lectionumj

453 2917 520 2981 in
559 2899 789 3000 quibus
812 2915 1048 2979 >critica
1094 2913 1379 2993 subsidia
1425 2916 1826 2999 conveniant,
1870 2918 2266 2981 multitudine
2293 2918 2565 3002 judicari
2608 2940 2730 2983 non

317 3012 338 3034 “
453 3038 654 3103 posse
715 3037 909 3100 supra
965 3019 1336 3082 monuimus.
1426 3016 1520 3080 Se
1572 3020 2076 3102 antiquissimum
2130 3041 2403 3133 eumgue
2463 3030 2537 3086 in
2597 3003 2727 3086 loto

456 3122 973 3188 carintanorum
1026 3126 1189 3185 orbe·
1242 3123 1521 3186 maxime
1585 3125 1921 3208 vulgatum
1981 3133 2227 3217 textum
2286 3136 2727 3191 revocaturum

453 3228 785 3312 professus
815 3228 1092 3292 editione
1120 3228 1482 3307 stereotypa
1512 3235 1753 3291 textum
1780 3232 2155 3292 orientalem
2177 3231 2389 3294 Isach
2404 3216 2728 3294 mannus
2777 3237 2784 3242 ’

456 3331 759 3397 exhibuit.
847 3332 1104 3412 Nempe
1164 3330 1670 3412 antiquissimum
1730 3353 1815 3395 ex
1856 3335 1994 3418 iis,.
2039 3334 2167 3417 qui.
2214 3354 2254 3396 a
2279 3387 2285 3393 .
2293 3338 2625 3419 plerisque
2664 3336 2728 3398 in

350 3498 362 3511 ,
454 3424 713 3498 Oriente
754 3441 1051 3514 receptus
1094 3440 1292 3496 esset.
1382 3433 1668 3500 Minime.
1734 3419 1836 3506 ,Ε’
1857 3440 2265 3517 paucissimis
2303 3442 2468 3502 enim
2481 3484 2505 3524 ,
2550 3438 2727 3503 codi-

454 3538 637 3603 cibus
674 3554 1012 3616 summum
1033 3536 1256 3618 tribus,
1303 3534 1474 3598 haud
1516 3556 1659 3602 raro
1689 3559 1823 3600 uno
1864 3542 2085 3605 codice
2127 3552 2372 3607 textum
2409 3544 2728 3627 ‚antiquis-

428 3639 701 3704 ‘simum'
733 3659 1003 3722 eumque
1042 3627 1088 3702 a'
1119 3641 1447 3721 plerisque
1487 3642 1895 3707 orientalibus
1921 3657 2248 3730 receptum
2276 3640 2527 3711 hausit!
2592 3650 2729 3711 Ita·
2851 3698 2856 3703 .

455 3763 581 3830 que
625 3745 934 3811 lectiones
976 3764 1018 3808 a
1059 3743 1117 3807 L
1135 3744 1606 3809 achmanno·
1641 3750 1942 3829 receptae
2005 3754 2236 3815 saltem
2276 3771 2400 3816 uno
2443 3756 2730 3816 alterove

454 3853 883 3933 vetustissimo
930 3847 1339 3912 Orientalium
1389 3851 1611 3914 codice
1654 3855 2061 3918 eontinentur.
2127 3856 2567 3921 ‘crediderunt
2607 3857 2731 3919 hoc
2827 3855 2838 3865 ’

455 3953 601 4016 boni
646 3953 772 4016 viri
814 3945 941 4041 ὕ),
985 3952 1108 4017 sed
1150 3953 1345 4017 valde
1386 3972 1465 4017 se
1510 3953 1718 4036 decipi
1760 3959 1942 4039 passi
1983 3968 2152 4023 sunt.
2216 3963 2428 4026 Primo
2470 3943 2729 4026 Lach-
2957 3851 2973 4724 Ι

556 4211 616 4273 ⁴¹)
658 4226 716 4263 v.
771 4188 1180 4265 csHahnius
1233 4216 1296 4274 in,
1326 4215 1456 4269 edit.
1489 4216 1559 4265 N.
1607 4218 1669 4268 T.
1718 4222 2065 4292 stereotypa‚
2125 4237 2275 4284 quam
2326 4224 2537 4286 Lipsiae
2578 4207 2730 4276 1840.

664 4302 940 4366 evulgavit
957 4337 978 4371 ,
1013 4317 1066 4364 p.
1102 4304 1209 4353 XI:
1268 4304 1488 4373 „Simul
1520 4317 1653 4353 vero
1685 4306 2151 4364 praestantissimas
2181 4311 2435 4361 lectiones
2472 4312 2731 4361 adnotan-

660 4388 757 4440 das
810 4401 935 4439 esse
1000 4388 1329 4459 cenninmub,
1376 4405 1508 4453 qua·
1558 4389 1622 4443 C.
1679 4394 2187 4467 Lachmannus‚
2240 4398 2330 4459 qui
2378 4400 2462 4453 ab,
2495 4400 2733 4449 omnibus
