2984 5067
1156 375 1590 440 ...13-

271 569 609 719 'LE‘GqM'
644 619 1245 705 CRI'HCARUM,
1301 602 1541 699 QUA'S
1584 614 2230 683 LAcHMANNUS
2274 581 2447 680 suu

665 747 690 771 ·
894 723 1345 811 scmpsrr,
1390 721 1842 788 ansURA.
1990 716 2003 729 ·
2108 720 2117 727 ·
2323 761 2330 768 .

398 863 581 926 Duas
663 870 1200 926 monumentorum
1265 862 1620 926 criticorum
1678 862 1927 924 classes
2006 876 2186 920 esse·
2225 858 2283 918 11
2296 876 2336 920 a
2349 856 2495 920 ch-

223 985 548 1032 mannus
567 1036 574 1043 ,
591 965 822 1028 sumsit
839 967 872 1040 ,’
904 942 1268 1030 orientalem
1313 975 1380 1029 et
1436 964 1911 1029 occidentalem.
1980 961 2233 1025 Vellem
2273 961 2496 1023 osten-
2613 943 2626 954 ’

224 1073 448 1135 disset.
539 1070 722 1146 Nihil
782 1071 946 1131 enim
1005 1090 1144 1153 quo⁴
1187 1088 1370 1132 suam
1424 1069 1779 1150 opinionem
1848 1068 2310 1150 corroboraret,
2340 1086 2344 1091 ·
2373 1065 2496 1126 nisi

224 1175 345 1239 hoc
358 1218 382 1260 ,
425 1176 614 1256 longe
655 1175 846 1237 alium
890 1166 1134 1237 textum
1178 1175 1507 1236 Irenaeum
1554 1158 1741 1253 quam
1780 1165 2123 1254 origenem
2163 1175 2497 1251 sequutum

228 1299 378 1341 esse
396 1322 418 1362 7
480 1286 611 1373 tugn
628 1294 644 1311 ·
663 1296 810 1348 cum
863 1278 1345 1362 occidentalium
1405 1251 1664 1338 Petrum
1724 1275 2100 1337 testimoniis
2141 1267 2498 1334 -versione's

227 1384 456 1446 latinas
521 1391 668 1444 ante
712 1383 1170 1464 Hieronymum
1229 1380 1572 1443 confectas
1603 1387 1680 1464 -et
1722 1378 2199 1459 antiquissimos
2240 1375 2519 1457 codices,

227 1499 502 1570 graecos
533 1496 689 1549 'cum
713 1566 738 1579 ..
754 1487 1145 1553 orientalium
1189 1484 1448 1548 Patrum
1508 1481 1882 1545 testimoniis
1933 1482 2299 1561 plerumque
2344 1496 2502 1542 con-

229 1590 464 1653 sentire
511 1586 1153 1653 Griesbachium
1214 1589 1689 1651 demonstrasse
1756 1577 1870 1673 [v.
1927 1582 2110 1645 Stud.
2167 1575 2296 1643 und
2333 1580 2500 1645 ‘Krit-

185 1766 191 1772 ,
234 1690 422 1758 1830.
457 1712 520 1774 p.
560 1685 787 1781 825.)
846 1694 921 1756 In
959 1694 1172 1756 multis
1214 1711 1371 1755 vero
1417 1692 1639 1774 eisque
1682 1687 2091 1773 gravissimis
2136 1686 2327 1747 rebus
2359 1672 2519 1746 Ire-⁸
2612 1750 2618 1756 ,

229 1815 431 1861 naeus
472 1816 616 1878 cum
662 1795 941 1895 Origene
1000 1799 1290 1881 congruit
1349 1801 1416 1860 et
1456 1793 1719 1857 Patrum
1773 1792 2103 1876 latinorum
2145 1787 2506 1852 testimonia

231 1919 389 1964 cum*
439 1901 903 1964 vetustissimis
963 1901 1288 1966 codicibus
1337 1900 1596 1984 graecis
1657 1897 2061 1962 conveniunt.
2151 1891 2506 1975 Diligenter

204 2005 424 2088 ,igitur
485 2011 572 2065 et*
616 2005 962 2088 subtiliter,
1026 2013 1098 2066 ut
1160 2005 1440 2067 criticam
1506 2020 1690 2065 suam
1734 2000 2135 2080 disciplinam
2192 1996 2508 2078 fundaret,

232 2108 298 2169 in
359 2108 588 2190 quibus
646 2088 1043 2189 potissimum
1107 2108 1300 2168 rebus
1345 2108 1653 2167 Irenaeus
1709 2105 1789 2166 ab
1836 2101 2101 2186 Origine
2168 2110 2234 2164 et
2275 2100 2508 2161 Patres

235 2210 669 2272 occidentales
710 2210 1071 2291 latinaeque
1112 2209 1450 2270 versiones
1488 2216 1636 2270 ante
1678 2205 2130 2288 Hieronymum
2173 2184 2386 2270 factae
2427 2202 2506 2263 ab

193 2313 696 2396 ·antiquissimi's
755 2312 1080 2376 codicibus
1137 2311 1397 2394 graecis
1458 2319 1527 2373 et
1570 2310 1976 2373 orientalibus
2017 2308 2313 2376 Patribus
2370 2305 2510 2368 dis-

235 2411 540 2482 sentirent
569 2417 627 2477 11
647 2415 1038 2480 achmann
1055 2437 1098 2480 u
1115 2435 1150 2477 s
1168 2467 1173 2472 .
1192 2416 1423 2479 docere
1445 2415 1750 2492 debuerat
1785 2414 2250 2495 dissensusque'
2272 2428 2511 2486 causae
2553 2459 2560 2465 .

212 2517 626 2607 patefacere.
688 2519 901 2599 Quum
938 2523 1218 2584 classem
1263 2521 1639 2591 orientalem
1684 2528 1751 2582 et
1792 2518 2246 2580 occidentalem
2278 2514 2511 2577 distin-

235 2624 404 2686 xerit
447 2624 510 2685 in
563 2625 726 2703 locis
770 2624 1189 2706 discrepantis
1234 2633 1449 2687 textus
1488 2643 1724 2688 causas
1764 2625 1925 2686 sitas
1957 2640 2110 2684 esse
2153 2620 2509 2700 existimes.

238 2722 720 2790 Ostendendum
766 2729 957 2811 igitur
999 2738 1138 2792 erat
1148 2773 1171 2813 ‚
1216 2727 1324 2811 qui
1368 2729 1613 2792 factum
1660 2737 1841 2790 esset
1856 2770 1879 2811 ,
1946 2734 2017 2792 ut
2042 2716 2275 2786 lorum
2315 2724 2512 2785 libro—

238 2848 379 2891 rum
397 2873 419 2913 7
469 2849 727 2913 quorum
770 2832 1165 2916 autographa
1204 2835 1269 2895 in
1320 2830 1731 2909 Occidentem
1780 2849 1819 2894 a
1863 2829 2271 2910 scriptoribus
2308 2826 2524 2908 missa

240 2943 464 3000 esseut
533 2923 991 3023 [obversatur.
1023 2936 1177 2997 mihi
1241 2937 1513 3015 epistola
1570 2938 1661 2997 ad
1717 2924 2098 3020 Romanos)
2118 2975 2141 3016 ,
2189 2925 2514 3012 'exempla

237 3036 305 3098 in
346 3035 603 3101 Oriente
669 3039 759 3101 ita
801 3038 1369 3121 conformarentur,
1429 3036 1961 3119 quemadmodum
1998 3037 2064 3097 in
2104 3036 2515 3098 orientalibus

237 3143 657 3206 monumentis
686 3142 1089 3204 ,conformata
1132 3141 1260 3202 sint
1277 3125 1327 3224 ,⁰
1353 3149 1419 3207 et
1471 3142 1762 3203 vicissim
1806 3120 2102 3202 librorum
2148 3139 2213 3198 in
2254 3136 2515 3199 Ori-ente
2546 3131 2567 3141 ”

239 3242 550 3307 editorum
579 3245 876 3324 exempla
907 3243 972 3305 in
991 3240 1413 3308 Occidentem
1457 3245 1763 3307 translata
1801 3262 1944 3305 earn
1974 3240 2238 3303 formam
2279 3241 2368 3303 ibi
2410 3242 2515 3301 in-

240 3337 540 3437 duerent,
587 3365 776 3428 quam
809 3348 875 3409 in
916 3347 1410 3435 occidentalibus
1440 3350 1859 3412 monumentis
1895 3335 2188 3410 habeant.
2246 3344 2515 3407 Planum

240 3460 349 3512 est
389 3451 554 3512 enim
591 3450 881 3513 librorum
931 3453 995 3513 in
1026 3449 1290 3514 Oriente
1332 3453 1639 3515 editorum
1682 3455 1997 3536 exempla,
2045 3452 2295 3534 quibus.
2316 3447 2516 3532 Occi-

222 3553 533 3628 ¹dentales
576 3554 840 3635 primum
890 3555 991 3618 usi
1008 3564 1201 3639 sunt,
1242 3556 1306 3617 in
1331 3552 1596 3642 Oriente
1649 3550 1762 3646 [in
1792 3548 2009 3640 Syria,
2057 3549 2224 3619 Asia
2251 3532 2524 3635 minore‚⁶
2614 3636 2624 3646 .

236 3650 596 3746 Aegypto)
627 3658 799 3723 facta
865 3678 1019 3721 esse
1062 3668 1129 3723 et
1170 3659 1317 3723 inde
1357 3661 1422 3722 in
1467 3658 1881 3723 Occidentem
1925 3661 2261 3743 migrasse.
2325 3659 2517 3721 Hauc

239 3770 480 3825 tantam
512 3771 768 3845 tamque
791 3780 1064 3846 gravem
1101 3764 1580 3846 rem-expedire
1601 3757 2172 3828 Lachmannus
2199 3781 2282 3824 ne
2314 3778 2516 3825 cona-

240 3872 347 3928 tus
372 3854 625 3947 quidem
656 3874 774 3928 est.
835 3865 1179 3949 Praeterea
1208 3869 1584 3950 qui-textum
1616 3869 1981 3932 orientalem
2020 3868 2099 3929 ab
2136 3865 2519 3929 occidentali

242 3966 455 4029 indole
515 3986 636 4031 sua
696 3969 953 4033 differre
997 3971 1422 4056 contenderit,
1478 3980 1549 4034 ut
1607 3970 1776 4034 fides
1832 3972 1898 4034 ei
1942 3970 2248 4033 habeatur
2268 4012 2288 4050 ,
2347 3985 2516 4050 quae

242 4070 572 4151 utriusque
615 4079 830 4136 textus
894 4077 1149 4137 indoles
1209 4085 1274 4138 et
1322 4083 1560 4138 natura
1602 4076 1690 4138 sit
1733 4076 2088 4158 quibusque
2128 4093 2265 4135 rem
2308 4074 2516 4137 conti-

242 4174 538 4236 uentibus
578 4176 743 4236 notis
785 4177 946 4238 alter
987 4179 1066 4240 ab
1114 4179 1309 4241 altero
1353 4179 1607 4243 differat
1650 4180 2081 4266 demonstrare
2126 4177 2332 4240 debet.
2392 4173 2517 4253 Qui

242 4278 414 4341 enim
459 4279 564 4341 cui
612 4279 890 4340 neutrius
950 4288 1166 4343 textus
1210 4290 1450 4345 natura
1496 4285 1839 4366 explorata*
1863 4283 1949 4347 sit
1988 4292 2195 4345 utrum
2238 4260 2516 4343 orienta-
2609 4294 2614 4299 ’

242 4383 368 4445 lem
409 4401 490 4446 an
534 4382 991 4447 occidentalem
1031 4391 1278 4449 textum
1320 4388 1553 4469 aliquis
1594 4387 1803 4453 codex
1840 4388 2163 4451 contineat
2205 4393 2270 4448 et
2312 4392 2517 4477 utrum
