2984 5067
1092 337 1544 437 ‘'n-9—

140 629 145 634 ,
201 549 419 613 θήείη
462 556 676 613 autem
739 565 881 612 eum
898 592 922 634 ,
979 567 1144 639 quae
1203 550 1267 611 in
1327 551 1541 612 verbis
1584 551 1673 613 N.
1720 550 1796 611 Τ.
1859 552 2268 615 restituendis
2310 573 2469 617 ver-

140 699 159 716 .
199 662 380 717 satur
401 696 424 736 ,
491 653 762 716 feliciter
801 653 1134 729 factitasse
1173 654 1327 716 nihil
1369 654 1742 717 documento
1790 664 1892 717 est
1932 655 2237 740 firmeque
2279 659 2471 722 credo

200 757 420 852 critico
454 758 711 840 negotio
758 759 1063 840 imparem
1106 759 1318 823 fuisse
1366 750 1584 820 virum
1617 757 1967 857 exegetica
2010 767 2076 822 et
2121 758 2490 848 patristica,

201 848 370 943 quae
411 860 536 924 hoc
577 869 861 945 tempore
902 863 1310 948 satisfaceret
1330 905 1353 945 ,
1399 849 1748 926 eruditione
1790 862 2174 930 destitutum

328 1049 653 1121 LEGES
672 990 1138 1137 CRITICAE,
1200 1050 1438 1131 QUAS
1481 1051 2135 1118 LACHMANNUS
2182 1055 2348 1122 SIBI

1135 1155 1537 1220 STATUIT.

377 1276 780 1362 „Quaeritur
793 1298 980 1363 nunc,
1026 1278 1194 1342 unde
1220 1277 1702 1359 antiquissimus
1726 1287 1943 1342 textus
1970 1281 2150 1343 nobis
2172 1280 2477 1353 haurien-

206 1382 327 1446 dus
365 1382 466 1449 sit.
555 1380 684 1446 Hic
728 1402 1038 1465 nusquam
1084 1400 1387 1445 necesse
1403 1400 1558 1443 esse
1601 1390 1673 1445 ut
1721 1389 2045 1445 auctorem
2084 1386 2476 1470 Hieronymo

204 1486 614 1550 recentiorem
659 1503 1020 1568 sequamur·
1022 1531 1042 1566 ,
1111 1486 1220 1569 qui
1259 1485 1626 1548 versionem
1674 1486 1932 1550 latinam
1975 1489 2207 1569 ubique
2248 1492 2481 1572 partim

205 1610 243 1661 c
283 1590 469 1653 bonis
532 1589 854 1653 codicibus
897 1592 1109 1653 latinis
1128 1634 1151 1675 ,
1213 1591 1440 1670 Partim
1500 1609 1540 1651 e
1583 1591 1839 1673 graecis
1883 1590 2209 1654 codicibus
2256 1613 2481 1656 emen-

206 1692 338 1756 dav
339 1694 479 1776 erit,
525 1694 753 1775 aliquis
791 1694 1117 1757 existimet
1159 1688 1291 1783 [cf.
1330 1692 1515 1757 Stud.
1548 1685 1675 1756 und
1714 1694 1874 1756 Krit.
1925 1693 2111 1759 1830.
2150 1716 2218 1784 Ρ.
2257 1697 2407 1760 822.
2409 1690 2480 1785 J.

204 1796 297 1872 At
375 1796 477 1859 his
545 1806 784 1860 tantum
800 1840 824 1882 ,
902 1816 1067 1881 quac
1127 1817 1388 1862 sensum
1461 1807 1706 1861 mutare
1779 1785 2186 1886 viderentur,
2263 1820 2482 1864 corre-

54 1901 63 1909 ’
152 1890 159 1893 ’
205 1901 330 1966 ctis
389 1902 634 1984 reliqua
697 1921 774 1965 se
831 1903 1174 1965 retinuisse
1243 1911 1314 1965 ut
1371 1903 1647 1966 fuissent
1699 1904 2250 1999 Hieronymus
2342 1907 2483 1988 ipse

205 2006 546 2084 confessus
622 2015 745 2069 est.
806 2001 1068 2094 [Praef.
1138 2008 1202 2067 in
1262 2000 1613 2093 Evnngg]
1717 2008 1941 2090 Itaque
2004 1994 2493 2092 antiquissimus.

202 2109 607 2190 maximeque
652 2110 1071 2192 pervulgatus
1116 2118 1330 2172 textus
1395 2131 1437 2172 e
1493 2119 1889 2175 vetustorum
1951 2113 2239 2176 codicum
2285 2132 2485 2197 grae-

203 2231 442 2297 corum,
490 2219 784 2276 veterum
813 2214 1288 2276 translationum
1332 2221 1396 2275 et
1428 2214 2001 2295 antiquissimorum
2028 2215 2290 2280 Pati-um
2325 2236 2485 2279 con-

202 2334 403 2378 sensu
462 2317 940 2378 constituendus
1007 2311 1127 2380 est.
1176 2311 1307 2406 (cf.
1368 2317 1515 2380 ibid.
1579 2336 1640 2399 p.
1681 2317 1831 2378 824.
1833 2309 1882 2401 J
1970 2319 2157 2382 Haec
2197 2321 2484 2386 subsidia

202 2420 427 2483 critica
469 2419 533 2481 in
577 2421 747 2482 duae
790 2421 1041 2483 classes
1086 2421 1431 2484 dividenda
1466 2427 1637 2502 sunt,
1680 2421 2041 2493 orientalem
2081 2432 2150 2486 et
2179 2424 2515 2487 nunidem>

202 2524 414 2590 talem.
503 2524 612 2587 Ad
658 2532 857 2588 utram
902 2527 1182 2588 classem
1245 2527 1682 2608 unusquisque
1731 2506 1954 2590 codex
1982 2514 2353 2590 referendus
2397 2530 2486 2591 sit

203 2648 289 2691 ex
330 2648 567 2712 magna
608 2631 990 2715 lectionum,
1053 2649 1219 2712 quae
1259 2630 1342 2691 ei
1403 2649 1550 2693 cum
1592 2630 1826 2693 ceteris
1891 2629 2180 2712 ejusdem
2247 2634 2484 2696 classis
2515 2703 2531 2719 x

202 2734 622 2796 monumentis
686 2751 1052 2797 communes
1105 2734 1234 2795 sint
1251 2777 1275 2819 ,
1359 2733 1754 2798 multitudine
1818 2735 2299 2818 aestimandum.
2362 2745 2483 2800 est.

205 2837 386 2899 Male
427 2838 595 2898 enim
638 2856 677 2899 e
722 2839 1032 2900 nonnullis
1067 2818 1440 2900 lectionibus
1485 2839 1678 2920 quale
1718 2839 2046 2920 utriusque
2091 2840 2327 2902 classis
2370 2845 2484 2902 in-
2549 2844 2559 2855 ‘

199 2944 462 3018 aenium
505 2939 694 3002 fuerit
739 2940 1000 3005 definire
1040 2943 1287 3021 coneris
1303 2984 1326 3025 ,
1372 2949 1442 3002 ut
1485 2939 2093 3017 Griesbacthius
2136 2942 2328 3027 fecit,
2375 2944 2484 3026 qui

205 3044 442 3110 edixit:
500 3051 991 3122 grammaticum
1033 3051 1164 3122 eyit
1201 3046 1683 3106 alexandrinae
1736 3062 1969 3106 censor
1978 3090 2008 3123 ,
2072 3052 2481 3126 interpretem

206 3150 638 3210 occidentalia.
725 3146 1269 3226 Quemadmodum
1306 3147 1493 3209 rivuli
1538 3165 1577 3207 e
1605 3146 1792 3209 fonte·
1817 3157 2096 3232 manant,
2142 3149 2231 3223 ita
2265 3158 2482 3216 textus

205 3251 621 3316 occidentalis
666 3257 733 3312 et
775 3250 1097 3313 orientalis
1137 3271 1177 3316 e
1211 3256 1419 3331 primo
1460 3258 1640 3313 textu
1676 3249 2009 3318 fluxerunt.
2074 3249 2282 3329 Quum
2324 3252 2507 3319 vero*

206 3374 330 3418 non
368 3355 633 3436 primam
677 3363 744 3417 et
785 3355 1148 3439 genuinam,
1191 3355 1311 3418 sed
1348 3356 1754 3437 vulgatorum
1795 3356 2135 3420 lectionum
2166 3358 2483 3440 antiquis-

206 3460 434 3522 simam
449 3507 456 3514 .
474 3461 855 3540 scripturam
902 3461 1296 3544 investigare
1340 3460 1778 3542 decrevissem
1796 3504 1819 3544 ,
1867 3468 1936 3524 ut
1982 3446 2317 3543 imperator
2357 3463 2483 3525 mi-

116 3561 122 3567 ’
204 3565 351 3627 lites
393 3564 457 3626 in
501 3545 793 3627 dextrum
836 3573 903 3627 et
945 3565 1270 3627 sinistrum
1329 3584 1523 3630 cornu
1565 3564 1905 3630 discedere
1941 3565 2162 3651 jubet,
2223 3567 2316 3629 ita
2357 3586 2482 3651 ego

202 3676 604 3732 monumenta
646 3670 868 3733 critica
910 3689 994 3732 ex
1035 3669 1277 3752 majore
1322 3669 1658 3732 lectionum
1676 3712 1701 3754 ,
1763 3670 1827 3729 in
1884 3672 2114 3752 quibus
2155 3671 2481 3733 consenti-

204 3781 386 3856 rent,
452 3773 639 3855 eopia
695 3774 759 3835 in
818 3775 1095 3840 classem
1144 3774 1513 3836 orientalem
1558 3780 1626 3834 et
1666 3772 2126 3838 occidentalem
2170 3774 2481 3859 distribui,

203 3877 637 3960 lectionesque
663 3879 728 3944 in
761 3878 988 3960 quibus
1027 3886 1160 3942 tum
1193 3886 1458 3959 utraque
1502 3877 1733 3944 classis
1772 3878 2158 3940 consentiret
2200 3886 2332 3941 tum
2381 3878 2483 3940 al-

208 3986 356 4042 tera-
390 3998 534 4043 cum
585 3982 785 4045 altera
829 3982 1229 4067 dissentiret,
1276 3983 1511 4065 quippe
1556 3980 1925 4065 divulgatas
1945 4025 1967 4065 ,
2015 3981 2270 4067 dignas,
2312 4001 2501 4066 quae·

206 4084 637 4165 reciperentur
651 4128 675 4170 ,
715 4086 1044 4170 judicavi,
1089 4094 1304 4150 contra
1347 4084 1741 4167 spernendas
1779 4103 1895 4148 eas
1918 4128 1941 4168 ,
2004 4103 2166 4169 quas
2203 4094 2483 4151 tantum-

204 4188 391 4251 modo
432 4189 791 4251 alterutrius
831 4191 1066 4253 classis
1108 4199 1514 4254 monumenta
1554 4197 1971 4273 testarentur,
2012 4192 2164 4255 ficet
2206 4190 2484 4255 fortasse

206 4293 393 4356 unice
432 4311 646 4357 veras.
693 4286 826 4381 [cf.
871 4294 1021 4380 ibid.
1062 4314 1125 4376 p.
1157 4292 1289 4360 825
1324 4303 1391 4357 et
1431 4287 1662 4382 826.)
1701 4294 1890 4359 Hanc
1930 4293 2104 4355 viam
2147 4293 2482 4379 ingressus

202 4400 429 4476 plures
459 4401 918 4479 saepenumero
943 4399 1248 4462 lectiones
1280 4399 1653 4482 divulgatas
1678 4396 1884 4460 fuisse
1912 4399 2251 4547 intielligas.
2296 4400 2484 4463 Hanc
