2984 5067
1416 384 1508 398 .-
1596 351 1679 416 12
1745 385 1852 463 ..-

501 523 713 586 talen.
781 521 977 608 Hunc
1017 523 1322 606 praebent
1382 524 1446 587 in
1486 522 1672 587 Pauli
1717 524 2005 607 epistolis
2069 531 2202 588 tum
2262 523 2471 588 codex
2534 522 2690 586 Boe
2706 541 2784 587 r-

499 625 885 692 nerianus
917 620 1103 716 (G.)
1145 626 1594 690 Matthaeii
1640 646 1794 692 cnr·
1833 628 2011 712 typis
2047 629 2436 711 exscriptus,
2491 637 2624 694 tum
2654 647 2785 693 co-

499 729 631 795 dex
672 728 1194 795 claromontanus
1256 723 1455 821 (ΔΗ)
1545 730 1777 796 Codex
1828 731 2359 817 haudianus,
2425 731 2784 814 Apostolo-

496 851 634 898 rum
677 843 823 898 acta
866 836 1145 899 continet
1187 827 1364 923 (Ε.)
1409 855 1535 898 non
1574 836 1893 899 sincerum
1932 832 2302 900 Occidentis
2346 842 2609 920 textum,
2654 837 2788 899 sed

498 956 645 1002 eum
687 946 1104 1021 temperatum
1148 923 1217 1002 el
1279 940 1544 1003 mixtum
1593 937 1802 1002 affert.
1889 938 2068 1002 Idem
2125 940 2305 1002 volet
2344 939 2427 1002 de
2470 931 2786 1004 versione

498 1041 645 1125 ejus
687 1043 882 1106 latina
925 1035 1104 1136 (e.)
1194 1043 1671 1106 'translationes
1711 1042 1943 1105 latinas
1960 1084 1984 1128 ,
2030 1061 2197 1127 quae
2242 1040 2586 1127 genuinum
2633 1037 2815 1107 Οο-’

497 1145 772 1211 cidentis
817 1153 1064 1210 textum
1106 1147 1463 1230 exprimant
1480 1189 1505 1231 ,
1568 1146 1635 1207 hi
1677 1145 1938 1210 codices
1979 1147 2249 1210 habent:
2307 1148 2374 1210 in
2416 1147 2791 1231 evangeliis

472 1249 939 1314 vercellensis
990 1242 1152 1341 (a.)
1195 1258 1262 1313 et
1294 1249 1693 1312 Veronensis
1739 1240 1923 1338 (tm),
1969 1250 2033 1312 in
2065 1251 2250 1313 Pauli
2291 1250 2578 1333 epistolis
2615 1250 2790 1314 Cla-

495 1361 902 1428 romontanus
948 1346 1093 1442 (f.)
1113 1398 1136 1438 ,
1197 1352 1660 1419 Germanensis
1719 1347 1889 1443 (ff.)
1950 1361 2017 1417 et
2067 1354 2529 1418 Boernerianus
2587 1347 2790 1442 (3..)

499 1455 1053 1541 Cantabrigiensis
1094 1450 1257 1548 (d.)
1301 1477 1405 1521 me
1441 1456 1664 1540 judice
1697 1457 1764 1520 in
1802 1458 1991 1521 Actis
2027 1458 2238 1542 utilis,
2297 1458 2361 1519 in
2421 1460 2794 1541 evangeliis

499 1579 624 1624 non
683 1580 942 1645 semper
998 1561 1195 1626 futilis
1260 1570 1381 1626 est.
1470 1562 1545 1624 ln
1610 1561 2009 1645 Apocalypsi
2069 1558 2178 1624 hic
2237 1560 2367 1625 illic
2424 1562 2794 1625 Primasius

499 1657 666 1754 (h.)
714 1664 1019 1730 Criticum
1078 1665 1347 1748 adjuvat
1359 1708 1383 1750 ,
1448 1683 1831 1748 quamquam
1890 1665 2067 1748 justo
2129 1666 2389 1729 liberius
2446 1674 2512 1728 et
2564 1667 2794 1750 negli-

498 1778 728 1850 genter
769 1772 985 1832 vertit.
1043 1764 1176 1860 [cf.
1222 1769 1370 1833 ibid.
1415 1788 1478 1850 p.
1510 1767 1642 1831 835
1656 1760 1929 1857 -8370
1998 1768 2058 1831 Ε
2097 1770 2318 1832 mixtis
2360 1770 2796 1832 monumentis

498 1882 753 1953 praeter
794 1874 1158 1936 versionem
1199 1873 1530 1957 vulgatam
1561 1872 1768 1935 codex
1793 1871 2363 1958 -Cantabrigiensis
2397 1865 2578 1963 (D.)
2622 1872 2796 1934 mihi

499 1977 918 2038 emolumento
959 1975 1078 2039 fuit
1092 2019 1116 2061 ,
1174 1976 1283 2058 qui
1330 1976 1534 2058 prima
1576 1994 1765 2039 manu
1810 1995 1895 2039 ex
1939 1977 2358 2062 occidentali,
2426 1977 2546 2039 sed
2589 1995 2628 2039 a
2677 1976 2798 2038 di-

500 2079 717 2142 versis
774 2078 1130 2144 hominibus
1197 2081 1570 2163 interpolato
1625 2087 1694 2142 et
1757 2089 2087 2164 corrupto,
2149 2082 2373 2145 codice
2418 2080 2796 2161 descriptus

501 2194 623 2248 est.
708 2186 958 2248 Irenaei
979 2228 1003 2270 ,
1047 2183 1358 2269 Cypriani
1401 2195 1468 2249 et
1489 2185 1716 2249 Hilmii
1748 2182 2184 2247 Pictaviensis
2220 2184 2579 2256 testimonia
2621 2202 2799 2267 gra-

500 2290 775 2354 vissima
816 2297 962 2368 sunt
1003 2291 1114 2352 vel
1158 2297 1492 2372 propterea
1510 2331 1562 2374 ,0
1579 2288 1748 2372 quod
1793 2288 2099 2373 egregios
2142 2287 2405 2352 codices
2448 2286 2797 2374 habemus,

504 2410 765 2475 quorum
826 2383 1179 2473 praesidio
1219 2394 1462 2457 illorum
1507 2393 1765 2455 Petrum
1828 2400 2069 2457 textum
2126 2392 2556 2455 emendemus.
2624 2391 2798 2466 ,Sed

502 2495 956 2584 Tertullianum
998 2497 1310 2580 attingere
1351 2516 1475 2559 non
1513 2514 1712 2560 ausus
1755 2516 1919 2560 sum.
2006 2495 2406 2580 Augustinus
2423 2539 2447 2581 ,
2505 2497 2565 2559 si
2604 2507 2800 2568 recte

505 2598 874 2682 observavi,
918 2599 1053 2680 jam
1085 2601 1303 2663 mixtis
1339 2600 1667 2664 codicibus
1702 2620 1860 2664 usus
1890 2613 2013 2668 est.
2076 2600 2288 2691 Etiam
2318 2600 2550 2664 Ulfilae
2567 2579 2801 2665 versio

398 2783 407 2792 ·
505 2703 769 2766 mixtum
807 2710 1055 2766 textum
1096 2705 1377 2785 praebet.
1449 2704 1631 2796 Idem
1663 2704 1747 2768 de
1780 2707 2039 2788 syriaci
2059 2707 2483 2770 translatione·
2499 2704 2642 2770 (ἧι-ἰ
2657 2723 2799 2767 es-

506 2809 608 2870 ba
621 2806 798 2872 chio
843 2808 1055 2870 visum
1099 2815 1235 2869 est:
1279 2808 1447 2891 quod
1483 2807 1791 2890 judicium
1813 2852 1836 2892 ,
1881 2829 1963 2872 an
2005 2830 2230 2873 verum
2273 2811 2406 2896 sit,
2463 2808 2568 2872 alii
2586 2853 2609 2893 ,
2671 2811 2799 2891 qui

504 2911 737 2975 melius
777 2919 1045 2992 possunt
1086 2909 1151 2972 h.
1194 2929 1252 2973 e.
1298 2912 1404 2994 qui
1447 2914 1707 2996 syriace
1748 2914 1957 2977 sciunt
1976 2957 1999 2998 ,
2041 2914 2409 2997 disquirent.
2445 2908 2590 3003 [cf.
2629 2913 2798 2978 ibid.

507 3035 571 3098 p.
612 3014 747 3082 836
790 3007 939 3102 sq.J
1049 3013 1235 3093 Quae
1293 3036 1483 3100 quum
1534 3018 1621 3081 ita
1678 3018 1809 3079 sint
1866 3018 1929 3079 in
1994 3019 2357 3102 evangeliis
2418 3017 2675 3100 quidem
2723 3026 2800 3082 et
2863 3017 2873 3025 '

505 3119 690 3202 Pauli
733 3121 1023 3202 epistolis
1065 3120 1202 3183 fere
1246 3141 1503 3204 semper
1529 3122 2009 3186 occidentalium
2040 3122 2537 3185 testimoniorum
2577 3137 2800 3202 quan-

505 3234 638 3289 tum
680 3226 841 3288 satis
886 3226 970 3287 sit
1014 3225 1350 3310 possideo,
1397 3226 1519 3287 sed
1562 3227 1628 3288 in
1667 3222 2074 3310 Apocalypsi
2115 3246 2307 3289 unum
2359 3235 2591 3296 testem
2616 3224 2800 3287 Pri-

505 3331 778 3393 ma‘sium
799 3328 1005 3390 habeo
1046 3321 1245 3416 (lt),
1271 3332 1335 3394 in
1376 3329 1567 3392 Actis
1602 3350 1789 3392 unum
1829 3331 2114 3394 codicem
2148 3330 2546 3393 Laudianum
2581 3322 2798 3419 (Ε),

508 3434 616 3517 qui
659 3440 725 3494 et
766 3432 909 3511 ipse
952 3431 1071 3492 sub
1115 3430 1423 3494 Actorum
1463 3431 1654 3494 finem
1701 3426 1858 3521 (26,
1904 3430 2061 3522 29.)
2107 3435 2525 3511 obmutescit,
2568 3434 2661 3495 ita
2701 3443 2801 3496 'ut

505 3536 630 3599 hoc
671 3536 809 3597 loco
820 3576 844 3618 ,
904 3534 1030 3598 nisi
1070 3534 1254 3597 forte
1273 3535 1503 3598 alicubi
1545 3536 1761 3598 Patris
1814 3538 2240 3602 ecclesiastici
2296 3537 2652 3600 testimonio
2696 3539 2804 3602 uti

509 3640 705 3703 liceat
721 3682 744 3723 ,
809 3636 1179 3700 occidentia
1207 3641 1543 3728 fluctuatio
1587 3660 1712 3703 nos
1748 3642 1949 3720 plane
1986 3648 2368 3722 praetereat.
2432 3642 2506 3702 In
2546 3640 2802 3704 ultimis

505 3726 814 3807 Actorum
856 3743 1247 3808 sectionibus
1283 3750 1352 3805 et
1388 3744 1454 3805 in
1496 3744 1783 3825 epistolis
1812 3739 2146 3809 catholicis
2184 3740 2599 3808 occidentalia
2641 3761 2802 3807 mo-
2911 3765 2912 3826 ξ

469 3911 472 3915 Α
505 3855 805 3909 numenta
821 3890 847 3931 ,
893 3855 1166 3928 excepta
1210 3847 1507 3910 versione
1551 3852 1844 3933 vulgata,
1886 3849 2073 3932 cujus
2116 3858 2331 3915 textus
2367 3854 2616 3911 mixtus
2657 3858 2797 3935 est,

501 3951 702 4029 plane
727 3953 1034 4031 deficiunt
1069 3970 1278 4033 neque
1320 3951 1405 4013 ibi
1439 3953 1667 4037 ullum,
1725 3973 1915 4036 quem
1956 3973 2261 4036 sequerer
2298 3960 2617 4015 auctorem
2657 3951 2799 4015 ha-

504 4053 617 4116 bui
652 4062 905 4134 pr'aeter
947 4055 1030 4119 A.
1079 4062 1143 4117 et
1184 4054 1259 4115 B.
1323 4046 1686 4142 [interdum
1749 4059 1941 4121 etiam
1995 4057 2074 4121 C.
2077 4051 2126 4144 J
2183 4065 2247 4119 et
2313 4056 2798 4161 translationem

505 4156 874 4241 Vulgatam.
879 4153 926 4196 ί(
986 4150 1118 4245 [cf.
1162 4157 1311 4220 ibid.
1357 4177 1418 4238 p.
1461 4151 1666 4247 838.)
