2984 5067
1387 363 1824 428 -43-

476 534 763 604 o’otr'on
804 563 951 619 μου
990 543 1121 603 καὶ
1166 536 1356 620 σάρξ
1396 540 1478 601 ἐκ
1522 539 1658 614 τῆς
1703 538 1983 622 σαρκός
2025 562 2194 619 μου,
2234 539 2298 603 in
2338 549 2585 622 promtu
2627 548 2763 624 est,

474 644 722 708 scribas
765 642 934 707 hunc
974 642 1194 705 verbis
1254 641 1534 706 ordinem
1579 641 2022 725 assignaturus
2093 642 2332 706 fuisse·
2395 640 2432 707 o’
2444 645 2580 708 στέ
2589 670 2630 707 α
2676 646 2709 706 ἐ
2721 670 2767 707 κ

474 749 625 811 τοῖν
685 742 978 810 ὀστέων
1037 741 1285 810 αὐτοῦ
1336 749 1457 809 και
1531 741 1725 829 σάρξ
1783 744 1861 809 ἐκ
1925 746 2064 824 τῆς
2130 725 2421 830 σαρκός
2488 742 2763 810 αὐτοῦ.

477 852 702 935 ltaque
741 851 1045 935 vulgatus
1101 852 1437 913 verborum
1479 848 1635 912 ordo
1649 892 1672 933 ,
1731 867 1923 931 quem
1964 869 2148 913 nemo
2195 850 2594 933 impugnavit
2637 844 2764 941 (ἐκ

475 958 593 1030 τῆς
658 951 889 1037 σαρκός
948 951 1147 1020 αὐτοῦ
1211 956 1315 1018 καὶ
1374 956 1441 1017 ἐκ
1502 953 1631 1016 τοῖν
1692 949 1929 1017 ὀστέων
1990 947 2276 1043 αὐτοῦ),
2334 955 2650 1017 vocabula
2714 975 2761 1017 ι

475 1057 995 1122 Lachmanno
1058 1059 1329 1141 expulsa
1388 1058 1642 1120 sincera
1701 1074 1857 1119 esse
1915 1056 2121 1122 docet.
2209 1055 2298 1119 Ut
2358 1076 2399 1120 a
2441 1059 2762 1121 nonnullis

476 1163 709 1227 scribis
747 1162 1219 1245 negligerentur
1258 1161 1801 1224 homoeoteleuton
1840 1160 2014 1225 fecit.
2061 1160 2500 1226 Confudemnt
2522 1161 2762 1225 librarii

474 1283 543 1327 v.
586 1263 695 1328 3⁰.
808 1263 1007 1328 αὐτοῦ
1063 1267 1331 1347 primum
1393 1282 1540 1328 cum
1603 1264 1788 1327 tertio
1853 1260 2068 1330 αὐτοῦ.
2130 1300 2214 1312 -
2275 1263 2517 1347 Ephes.
2578 1264 2645 1350 5,
2691 1267 2760 1329 5.

476 1369 835 1433 rectissime
877 1364 1485 1433 Gricsbachius
1531 1367 1766 1431 edidit:
1835 1370 2021 1434 τοῦτο
2064 1365 2188 1454 γάρ
2233 1372 2364 1433 ἴστε
2404 1364 2759 1452 γινώσκον-

477 1496 596 1548 τες,
642 1470 740 1537 ὅτι
806 1475 935 1547 πάς
979 1475 1214 1558 πόρνος
1257 1468 1302 1551 ἢ
1341 1469 1716 1553 α’κάθαρτος
1760 1467 1805 1549 ἢ
1846 1474 2240 1552 πλεονέκτης,
2328 1470 2369 1537 ὅ
2389 1498 2422 1548 ς
2488 1476 2521 1537 ε’
2548 1498 2696 1538 στι
2720 1502 2760 1538 v

479 1600 509 1639 ε
533 1579 625 1641 ἰδ
650 1603 702 1642 ω
726 1583 760 1641 λ
791 1604 825 1644 ο
851 1588 884 1644 λ
906 1581 947 1644 ά
978 1608 1013 1645 τ
1038 1605 1075 1662 ρ
1105 1607 1146 1657 η
1175 1604 1244 1653 ς,
1319 1572 1434 1641 οὐκ
1477 1573 1606 1660 ἔχει
1648 1580 2045 1661 κληρονομίαν
2090 1578 2152 1642 ἐν
2189 1579 2275 1666 τῇ
2321 1582 2598 1660 βασιλείᾳ
2639 1587 2764 1645 τοῦ·

481 1685 773 1765 Χριστοῦ
816 1689 918 1749 καὶ
961 1686 1132 1749 θεοῦ.
1200 1681 1458 1763 Nempe
1492 1677 1565 1754 ὅς
1606 1698 1730 1743 non
1772 1680 1855 1743 ad
1878 1698 2070 1744 unam
2098 1700 2330 1746 vocem
2379 1683 2756 1762 πλεονέκτης,

477 1787 599 1851 sed
629 1786 714 1850 ad
759 1788 1075 1853 vocabula
1117 1789 1246 1860 ποῖς
1287 1789 1520 1868 πόρνος
1566 1780 1612 1861 ἢ
1660 1781 2026 1866 α’κάθαρτος
2069 1781 2115 1862 ἢ
2143 1787 2503 1865 πλεονέκτης
2549 1805 2758 1870 acque

476 1890 773 1971 pertinet.
819 1890 1155 1955 Contende
1184 1889 1324 1956 Col.
1342 1887 1409 1973 3,
1432 1887 1495 1949 5.
1520 1890 1630 1952 ubi
1659 1885 1800 1967 ἥτις
1821 1889 1906 1953 ad
1930 1889 2230 1974 quinque,
2259 1909 2428 1972 quae
2464 1891 2756 1972 proxime

475 1993 887 2079 praecedunt,
926 1992 1347 2058 Substantiva
1392 1991 1795 2056 referendum
1838 2002 1959 2056 est.
2024 1976 2359 2072 Sententia
2398 1993 2564 2058 haec
2610 2003 2755 2057 est:

475 2098 912 2181 unusquisque
989 2107 1332 2181 scortator,
1419 2097 1607 2160 homo
1672 2097 1955 2179 impurus
2022 2105 2089 2159 et
2146 2116 2389 2160 avarus
2448 2098 2753 2162 idolorum

476 2202 701 2264 cultori
739 2201 1246 2287 aequiparandus
1286 2211 1426 2284 est3
1482 2219 1632 2263 nam
1673 2200 2198 2283 quemadmodum
2259 2200 2566 2263 idolorum
2607 2203 2755 2264 cul-

476 2313 577 2366 tor
618 2306 759 2368 veri
796 2306 923 2369 Dei
966 2308 1199 2370 cultum
1247 2307 1550 2390 deseruit,
1595 2307 1684 2367 ita
1727 2313 2113 2370 scortatores
2166 2303 2584 2387 hominesque
2623 2304 2751 2368 im-

475 2409 616 2490 puri
654 2419 722 2473 et
759 2412 942 2474 avari
985 2430 1026 2474 a
1079 2411 1506 2473 sanctissimis
1552 2410 1665 2473 Dei
1709 2409 1960 2491 legibus
2003 2405 2370 2471 defecerunt
2429 2400 2561 2495 [cf.
2610 2408 2751 2470 Col.

474 2511 542 2595 3,
572 2511 635 2574 5.
652 2506 786 2601 6.).
848 2513 1149 2577 Lachm
1169 2533 1432 2577 annus
1470 2534 1556 2576 ex
1596 2514 1674 2582 Β,
1705 2513 1965 2593 scripsit
2003 2508 2039 2575 ὅ
2083 2512 2252 2574 ἐστιν
2292 2513 2753 2595 εἰδωλολάτρης,

475 2615 646 2697 quod
710 2614 857 2680 Gri
874 2635 963 2679 es
981 2618 1020 2679 b
1037 2636 1077 2680 a
1095 2617 1285 2681 chio
1348 2619 1692 2698 placuerat.
1798 2617 1944 2679 I-loc
2003 2635 2087 2679 ne
2132 2616 2438 2697 explicari
2495 2615 2752 2697 quidem

475 2727 704 2800 potest.
790 2717 964 2782 Nam
1007 2739 1213 2803 neque
1258 2739 1492 2783 sensus
1527 2719 1632 2783 hic
1669 2738 1821 2783 esse
1857 2728 2097 2802 potest:
2140 2721 2522 2782 vocabulum
2566 2727 2750 2783 πλεο-

478 2823 703 2900 υέκτης·
731 2822 900 2886 idem
942 2825 1309 2907 significare
1353 2824 1521 2907 quod
1577 2825 1958 2887 vocabulum
2000 2824 2436 2905 εἰδωλολάτρης
2456 2872 2476 2898 ,
2541 2842 2751 2907 neque

475 2928 792 2989 Neutrum
833 2946 910 2989 eo
953 2947 1075 2991 usu
1120 2927 1498 3012 defenditur,
1544 2947 1668 3010 quo
1709 2921 2033 2992 Ἀπόλλων
2076 2920 2209 2992 τάδρ
2249 2920 2327 3003 ἧν
2367 2935 2543 2990 recte
2584 2927 2750 2991 dici-

476 3041 597 3095 tur.
684 3033 908 3115 Itaque
952 3029 990 3096 ὅ
1033 3051 1072 3094 e
1114 3035 1447 3096 notissima
1496 3033 1869 3095 confusione
1915 3041 2130 3096 natum
2177 3039 2302 3115 est,
2346 3050 2474 3114 qua
2514 3032 2750 3094 librarii

474 3159 509 3200 o
545 3154 659 3217 pro
702 3160 737 3201 o
755 3162 786 3211 ς
828 3146 896 3199 et
936 3160 968 3200 ο
986 3162 1017 3211 ς
1058 3156 1171 3219 pro
1229 3162 1264 3201 ο
1312 3138 1595 3201 scribere
1641 3137 1867 3202 solent.
1977 3137 2199 3200 Verba
2240 3132 2311 3209 ὅς
2352 3138 2523 3199 ἐστιν
2565 3138 2742 3198 εἰδω·

471 3243 770 3326 λολάτρης
807 3242 872 3303 in
937 3238 976 3304 ὅ
1014 3242 1184 3304 ἐστιν
1228 3242 1671 3323 εἰδωλολάτρης
1715 3249 2005 3323 corrupta
2059 3243 2271 3325 magis
2328 3241 2520 3303 etiam
2557 3240 2626 3301 in
2669 3241 2742 3302 F.

474 3341 559 3409 G.
619 3346 718 3409 sic
784 3344 1136 3424 depravata
1205 3354 1382 3408 sunt:
1450 3340 1490 3408 ὅ
1553 3347 1720 3409 ἐστιν
1790 3346 2370 3428 εἰδωλολατρειά
2432 3337 2551 3432 (v.
2615 3344 2742 3406 Col.

469 3445 540 3530 3,
580 3439 694 3531 5.)
714 3489 739 3530 ,
812 3449 1193 3529 quamquam
1252 3447 1377 3511 hoc
1418 3449 1807 3511 tolerabilius
1865 3458 1968 3512 est
2035 3447 2741 3530 Lachmanniano,

473 3546 510 3613 ὅ
543 3551 713 3613 ἔστιν
755 3551 1337 3634 εἰδωλολάτρης.
1421 3552 1597 3615 Nam
1642 3550 1680 3615 ὅ
1715 3554 1884 3616 ἐστιν
1916 3554 2369 3634 εἰδωλολατρειά
2413 3549 2581 3613 hanc
2615 3549 2746 3611 vim

471 3655 765 3718 haberet:
811 3673 964 3718 esse
1009 3656 1453 3736 superstitioso
1501 3657 1806 3719 idolorum
1850 3657 2043 3720 cultui
2087 3654 2647 3739 aequiparandum,
2690 3655 2746 3716 si

471 3760 618 3842 quis
662 3752 969 3848 [violatis
1011 3759 1137 3821 Dei
1179 3754 1480 3847 legibus]
1527 3769 1837 3825 scortetur
1879 3759 2191 3843 homoque
2232 3762 2514 3841 impurus
2556 3762 2647 3822 sit
2688 3765 2751 3820 et

473 3882 729 3928 avarus,
779 3898 870 3911 —
927 3864 1074 3927 Jac.
1141 3865 1207 3948 4,
1277 3864 1340 3925 4.
1402 3865 1629 3926 Elsev.
1740 3867 2027 3948 Mooxoc*
2091 3868 2218 3929 καὶ
2277 3866 2747 3947 μοιχαλίδες,

473 3962 599 4030 ουίῐ
647 3969 848 4031 οἴδατε
912 3965 1010 4032 ὅτι
1084 3966 1127 4044 ἤ
1166 3971 1339 4049 φιλία
1404 3968 1524 4031 τοῦ
1589 3961 1825 4047 κόσμου
1886 3967 2091 4054 ἔχθρα
2148 3969 2266 4032 τοῦ
2317 3969 2477 4031 θεοῦ
2546 3969 2746 4050 ἔστης

472 4069 1032 4136 Lachmannus
1086 4091 1178 4137 ex
1236 4074 1321 4136 A.
1395 4073 1471 4134 Β.
1536 4070 1637 4134 13.
1720 4073 1980 4155 scripsit
2041 4075 2563 4158 Μοιχαλίδες,
2635 4069 2750 4137 οὐκ

474 4178 676 4240 οἴδατε
718 4172 817 4239 ὅτι
838 4211 919 4223 -
943 4205 1173 4254 -—--,·
1220 4177 1525 4240 Defendit
1563 4176 1730 4241 hanc
1771 4178 2108 4242 lectionem
2132 4177 2303 4240 Veu.
2334 4176 2745 4259 Thestius,

471 4283 572 4344 vir
615 4280 1062 4366 amicissimus,
1104 4292 1171 4346 et
1213 4282 1524 4345 'rheilii
1564 4283 1951 4366 argumentis
1995 4281 2365 4344 Tischen
2384 4281 2444 4344 d.
2492 4280 2747 4365 Proleg.

471 4405 535 4466 p.
581 4384 724 4448 xh.
815 4386 906 4448 At
947 4388 1147 4469 primo
1190 4388 1445 4471 quidem
1491 4383 1564 4451 τό
1623 4380 2026 4472 ὅμοιόαρκτον
2067 4371 2395 4450 variantes
2438 4385 2747 4450 lectiones
