2984 5067
238 585 328 629 ex
370 579 449 626 eo
491 555 798 628 discimus
812 575 855 647 ,³
900 563 1020 628 nisi
1067 583 1213 629 eum
1254 564 1319 628 h.
1363 566 1433 628 1.·
1459 574 1549 632 El
1587 572 1787 634 ΜΗΝ
1823 567 1887 630 in
1931 568 2018 630 N.
2065 568 2140 630 Τ.
2190 566 2518 632 codicibus

236 667 591 731 invenisse.
678 665 1073 754 Quamquam
1135 670 1193 732 si
1238 669 1654 733 Alexandrini
1718 689 1832 753 pro
1897 667 1939 753 ἦ
1981 669 2100 753 μήν
2165 663 2259 759 (ὅ
2318 663 2515 756 men]

240 770 303 834 εἶ
338 771 457 852 μήν
503 756 574 861 (ἶ
617 764 814 860 men)
855 781 925 836 et
945 774 1458 855 pronuntiassent
1477 782 1544 837 et
1577 776 2010 861 scripsissent,
2053 777 2130 839 εἶ
2160 774 2300 855 μήν,
2347 773 2516 857 quod

239 869 777 959 inEtymolo'gico
820 878 1053 960 magno
1099 886 1224 960 est,
1268 896 1392 940 non
1421 877 2148 942 Lachmannianum
2195 878 2517 940 etBlee-

240 977 581 1040 kianum
624 986 683 1045 εἰ
721 979 872 1070 μήν,
934 980 1322 1063 quodnihili
1383 990 1517 1067 est,
1584 983 1766 1046 nobis
1829 981 2257 1045 exhibendum
2319 987 2519 1042 esset.

241 1079 420 1142 Nam
462 1086 536 1144 Ει
575 1081 640 1144 in
685 1079 948 1146 formula
1007 1085 1067 1148 εἶ
1125 1084 1245 1168 μήν
1264 1105 1271 1110 ’
1289 1085 1604 1169 scriptura
1662 1084 2090 1149 tantummodo
2132 1092 2198 1148 et
2240 1102 2518 1167 pronun-

239 1178 503 1247 tiatione
560 1186 641 1248 ab
699 1181 742 1267 ἦ
792 1187 912 1268 μήν
971 1186 1253 1251 differret
1305 1189 1668 1272 nullamque
1709 1191 2082 1253 societatem
2126 1207 2272 1252 cum
2313 1187 2519 1270 parti-

239 1289 391 1352 cula
431 1287 831 1352 conditionali
880 1299 965 1374 εἰ,
1008 1296 1075 1354 εἰ
1109 1290 1396 1355 haberet.
1456 1291 1713 1355 Deinde
1748 1291 1916 1375 quod
1950 1293 2347 1356 Bleekius
2394 1308 2520 1353 non

242 1387 459 1478 solum,
491 1395 819 1457 nonnullos
878 1394 1224 1458 versionis·
1246 1394 1696 1459 alexandrinae
1751 1395 2010 1459 codices
2059 1404 2114 1462 εἰ
2154 1394 2274 1477 μήν
2317 1413 2431 1477 pro
2474 1391 2517 1476 ἦ

242 1495 365 1577 μήν
407 1495 659 1579 afferre,
682 1514 936 1560 verum
979 1498 1171 1561 etiam
1218 1498 1504 1566 editores
1547 1500 1785 1582 aliquot
1825 1500 1982 1562 locis
2029 1492 2143 1587 (v.
2181 1518 2238 1563 c.
2273 1497 2515 1561 Ezech.

178 1627 186 1632 “
242 1596 374 1683 33,
430 1599 569 1662 27.·
613 1599 697 1675 ζῶ
740 1601 890 1684 ἐγώ,
935 1610 1008 1666 εἰ
1064 1600 1184 1683 μήν
1246 1609 1306 1667 οἱ
1365 1610 1430 1667 ἐν
1492 1616 1632 1676 ταῖς
1708 1603 2131 1685 ἠρημωμένους
2194 1606 2518 1685 μαχαίραις

118 1710 139 1719 “
243 1696 646 1791 πεσοῦνται.)
689 1705 1037 1787 'scripsisse
1080 1704 1457 1790 affirmavit,
1517 1705 1583 1769 id
1624 1724 1749 1772 non
1789 1705 1959 1770 hanc
1998 1706 2135 1769 vim
2177 1705 2426 1787 habet,'
2448 1712 2519 1766 ut

242 1813 304 1870 εἰ
341 1806 461 1888 μήν
506 1825 731 1870 verum
792 1809 919 1891 sit,
987 1807 1105 1871 sed
1166 1817 1237 1872 ut
1279 1810 1507 1874 multos
1563 1810 1851 1874 librarios
1895 1811 2061 1873 male
2105 1810 2182 1875 εἷ
2236 1807 2357 1890 μήν
2401 1825 2518 1888 pro

240 1907 286 1990 ἦ
321 1911 443 1992 μήν
505 1929 815 1973 exarasse
878 1919 973 1973 et·
1005 1912 1384 1976 dormitasse
1441 1912 2226 1998 editores·intelligamus.
2312 1911 2518 1976 Falso

241 2012 649 2078 Bleekius
687 2015 988 2099 hatinos·,
1051 2018 1159 2098 qui
1218 2021 1352 2079 πίει·
1406 2016 1684 2080 habeant
1743 2009 1873 2105 (cf.
1914 2037 1980 2080 v.
2024 2036 2082 2081 c.
2131 2016 2518 2098 Vulgatam:

242 2118 809 2182 nisibenedicens
849 2102 1221 2183 benedicam
1281 2111 1431 2209 te),
1503 2127 1570 2185 εἰ
1625 2118 1767 2201 μήν
1835 2120 2188 2202 agnovisse
2247 2119 2514 2200 putavit.

143 2244 152 2250 ·
243 2221 333 2285 Hi
381 2241 538 2284 vero
581 2229 640 2287 εἰ
676 2222 759 2303 μή
805 2230 1296 2309 expresserunt,
1353 2224 1501 2285 sive
1544 2223 1667 2304 ipsi
1711 2220 2050 2285 absurdum
2094 2227 2152 2284 εἰ
2189 2220 2312 2302 μήν
2358 2221 2421 2282 in
2464 2228 2522 2285 εἰ

242 2327 330 2408 μή
370 2326 799 2416 correxissent
809 2369 833 2410 ,
898 2326 1044 2388 sive
1087 2333 1146 2391 εἰ
1181 2326 1265 2407 μή
1311 2326 1375 2388 in
1417 2326 1679 2410 graecis
1721 2325 2050 2390 codicibus
2094 2324 2514 2387 invenissent.

243 2429 471 2493 Lectio
513 2429 716 2510 εἶ’μή
762 2430 1035 2513 εὐλργαῖν
1077 2428 1396 2513 εὐλογήσω
1440 2453 1507 2494 σε
1554 2435 1684 2495 κτλ.
1729 2448 1844 2512 per
1880 2447 1957 2491 se
2002 2418 2335 2511 aptissima
2379 2434 2514 2490 est:

243 2536 322 2597 m·
377 2534 565 2594 valde
626 2541 691 2595 te
759 2533 962 2596 beabo
1023 2542 1292 2616 tuosque
1352 2543 1641 2615 posteros
1696 2533 2038 2618 *insigniter
2090 2515 2517 2614 multiplicabo

243 2629 434 2725 (soil.
476 2655 599 2701 non
640 2654 766 2721 ego
810 2636 1001 2700 dicar
1039 2630 1411 2727 Jehovah).
1498 2637 1603 2702 cf.
1651 2643 1893 2719 rib-‘28
1936 2638 2076 2700 Jos.
2126 2636 2229 2719 14,
2275 2636 2365 2719 9.,
2410 2636 2517 2701 ἐὰν

243 2758 331 2840 μή
362 2742 618 2821 Ἐἐιθοὴ.
682 2757 799 2842 17,
859 2749 1000 2841 19.,
1070 2745 1506 2838 Conjectanea
1548 2777 1691 2821 mea
1736 2761 1810 2841 1,
1870 2778 1932 2839 p
1976 2757 2124 2841 32„
2176 2755 2512 2837 ,Aristoph

244 2860 527 2943 Acham.
571 2861 722 2927 772.
788 2861 1011 2924 Dind.
1059 2867 1308 2945 περίδου
1350 2888 1456 2941 μοι
1483 2896 1602 2939 -,
1657 2870 1723 2927 αἰ
1761 2864 1845 2944 μή
1873 2863 2029 2926 ’στιν
2077 2857 2264 2933 οὗτος
2310 2874 2515 2943 χοῖρος

235 2964 537 3031 Ἑλλάνων
578 2965 763 3045 νόμῳ.
825 2972 891 3026 et
938 2963 1363 3028 Romanorum
1421 2968 1740 3046 spondeo,
1778 2970 1991 3042 m‘-,
2063 2961 2147 3027 de
2193 2982 2316 3046 quo
2359 2962 2516 3025 vide

147 3077 154 3084 ’
242 3069 498 3133 doctam
539 3068 810 3131 Beieri
854 3076 1064 3130 notam
1110 3067 1192 3131 ad
1238 3067 1379 3132 Cic.
1430 3068 1513 3132 de
1555 3067 1725 3132 offic.
1765 3068 1899 3151 111,
1948 3068 2048 3130 19.
2138 3065 2277 3145 Sed
2322 3084 2514 3149 quum

243 3172 310 3235 in
355 3170 600 3237 Genesi
639 3172 729 3235 22
746 3216 771 3258 ,
840 3172 940 3235 17.
979 3168 1020 3254 ἦ
1080 3171 1201 3254 μήν
1244 3174 1498 3257 legatur
1560 3181 1626 3236 et
1679 3190 1821 3255 pro·
1857 3188 1935 3233 eo
1977 3177 2236 3232 veteres
2281 3170 2517 3232 librarii

240 3283 333 3340 ΕΙ
368 3281 568 3341 ΜΗΝ
617 3276 786 3338 male
846 3265 1253 3358 scripserint,
1312 3273 1583 3338 dubitari
1641 3293 1765 3337 non
1806 3281 2055 3357 potest,
2140 3273 2290 3355 quin
2334 3280 2394 3336 εἰ
2425 3274 2512 3355 μή

240 3380 505 3443 absurdi
547 3388 606 3445 ει
643 3380 763 3462 μή,
808 3379 1111 3444 eorrectio
1154 3380 1258 3441 sit.
1343 3387 1415 3445 H
1449 3387 1518 3443 et
1562 3387 1652 3444 EI
1710 3361 1904 3442 etiarn
1960 3378 2026 3441 in
2063 3378 2153 3440 Ν.
2193 3378 2271 3440 τ.
2314 3395 2516 3459 saepe

239 3501 285 3546 a
333 3484 559 3548 scribis
604 3483 871 3547 confusa
916 3482 1223 3566 s'unt3cf.
1268 3503 1333 3546 v.
1383 3503 1439 3548 c.
1487 3483 1710 3548 1001.
1739 3483 1821 3567 9,
1865 3482 1927 3548 8.
1975 3491 2043 3545 et
2082 3482 2127 3546 2
2159 3480 2305 3545 Cor.
2349 3480 2415 3560 3,
2455 3482 2510 3544 1.

240 3578 401 3674 (ubi
441 3594 503 3652 εἰ,
534 3588 619 3669 μή
665 3584 893 3650 ’verum
936 3579 1085 3675 est)
1127 3605 1296 3650 varr.
1334 3588 1478 3654 lect.
1531 3588 1722 3652 Adde
1765 3587 1811 3650 2
1858 3586 2007 3651 Cor.
2048 3586 2131 3668 2,
2175 3585 2239 3647 9.
2288 3585 2510 3648 Elsev,

242 3698 331 3764 εἰς
376 3692 565 3755 τοῦτο
614 3689 730 3775 γὰρ
785 3698 887 3756 καὶ
930 3690 1211 3774 ἔγραψα,
1243 3689 1381 3773 ,ἵνα
1434 3687 1559 3775 γνῶ
1600 3691 1714 3767 τήν
1755 3689 2012 3770 δοκιμήν
2056 3689 2260 3770 ὑμῶν,
2307 3694 2388 3751 εἰ
2429 3694 2515 3760 εἰς

243 3793 451 3857 πάντα
509 3792 780 3875 ὑπήκοοί
835 3802 991 3858 ἐστε.
1080 3793 1647 3857 Lachmannus
1711 3813 1796 3856 ex
1855 3793 1938 3854 A.
1984 3791 2056 3854 B.
2099 3826 2184 3836 —
2232 3789 2331 3854 sva
2392 3791 2515 3873 γνῶ

243 3893 361 3979 τήν
404 3897 658 3980 δοκιμήν
705 3898 906 3980 ὑμῶν,
973 3894 1016 3982 ᾗ
1061 3905 1149 3971 εἰς
1185 3895 1391 3990 πάντα
1433 3896 1707 3986 ὑπήκοοί
1747 3906 1926 3969 ἐστι,
1984 3892 2150 3978 quod
2193 3897 2517 3954 sementia

241 4019 368 4063 non
410 4000 653 4084 recipit.
697 4033 786 4047 -—
870 3999 1018 4064 Joh.
1064 4000 1149 4085 44
1182 4001 1247 4063 9.
1308 4002 1527 4076 Εἶρον.
1594 4002 1723 4075 πῶς
1780 3996 1858 4064 σύ
1905 3999 2197 4070 Ἰουδαῖος
2241 3993 2328 4060 ὢν
2373 3997 2550 4078 παρ’.

244 4107 401 4184 ἐμοῦ
446 4120 653 4170 πιεῖν
690 4113 878 4179 αἰτὲῖς
902 4105 1091 4186 οὔσης
1127 4103 1411 4189 γυναικὸς
1429 4108 1871 4187 Σαμαρείτιδος
1884 4126 1906 4180 ,·
1949 4099 2172 4164 [sach
2188 4119 2518 4163 mannus

242 4219 332 4270 ex
380 4217 503 4271 uno
527 4208 610 4270 A.
657 4229 768 4292 pro
815 4222 970 4274 πιεῖν
1009 4208 1208 4271 edidit
1252 4223 1418 4285 πϊν,
1463 4207 1902 4273 certissimum·
1928 4206 2177 4270 scribae
2208 4204 2515 4286 sphalma.

243 4310 319 4372 N
319 4313 512 4404 amI.
557 4312 850 4394 plebejus
894 4331 1103 4376 sermo
1148 4326 1302 4378 πιεῖν
1347 4312 1411 4374 in
1457 4325 1628 4388 πεῖν,
1697 4329 1817 4373 non
1862 4311 1926 4372 in
1970 4324 2104 4388 πῖν,
2162 4307 2504 4391 contraxit3

245 4414 330 4478 cf.
378 4415 806 4481 Herodianum
852 4426 986 4501 περὶ
1046 4418 1480 4501 ἡμαρτημένων
1532 4417 1750 4495 λέξεων
1796 4422 1853 4490 S.
1899 4415 2015 4479 47:
2060 4413 2516 4499 ἁμαρτάνουσιν
