2984 5067
1149 317 1582 382 -59—

221 503 296 558 ut
337 493 498 577 ipsis
523 491 813 578 videtur,
853 494 1183 582 praestito,
1227 512 1417 578 quem
1447 492 1737 558 homines
1765 491 2146 560 christianos
2190 495 2271 559 iis
2305 515 2502 579 prae-
2554 479 2559 484 ’

225 607 404 662 sture
447 597 630 662 netas
676 616 828 661 esse
872 591 1266 688 sentirent).

436 732 600 812 Sed
651 734 842 812 haec
893 758 1085 812 nunc
1134 733 1423 833 quidem
1472 735 1885 845 hactenus..
1961 724 2368 837 Superest,
2420 743 2501 812 ut
2618 787 2632 800 ·

142 929 165 946 ,
227 882 370 955 qua
422 856 628 934 laeta
677 882 762 934 re
817 865 1274 959 provocatus
1310 858 1506 935 hunc
1550 858 1883 935 libellum
1923 855 2303 953 ediderim,
2357 884 2500 962 ex-v

226 1005 512 1081 ponam.
571 980 957 1076 Evocavit
1009 1005 1124 1057 me
1152 980 1580 1058 Rostochio
1628 988 1707 1085 et
1734 980 2208 1081 Theologiae
2262 1005 2500 1057 evan-

227 1103 525 1204 gelicae
594 1103 1129 1203 professionem
1192 1107 1266 1177 in
1341 1102 1485 1181 hac
1548 1103 1823 1178 illustri
1869 1097 2283 1181 'Academia
2336 1103 2500 1181 cle-
2545 1108 2554 1116 ’

225 1229 669 1302 mentissime
735 1225 907 1299 mihi
970 1223 1444 1302 demandavit
1508 1224 2044 1323 serenissimus
2116 1226 2500 1328 PrincepS,

226 1346 674 1424 Ludovicus
736 1348 1179 1446 secundus„
1219 1345 1449 1423 Pater
1502 1352 1812 1449 patriae.
1916 1349 2135 1425 Hanc
2188 1352 2499 1450 provin-

227 1474 415 1547 ciam
455 1468 712 1545 Idibus
754 1459 1310 1547 Novembribus
1378 1468 1565 1545 hora
1609 1463 1747 1571 XI.
1792 1468 2252 1547 sollemniter
2299 1495 2501 1547 more

225 1597 576 1692 majorum
636 1595 1034 1692 gratiarum
1086 1595 1382 1669 actione
1423 1599 1908 1689 votorumque
1960 1596 2502 1693 nuncupatione

228 1717 643 1815 suscipiam,
698 1728 909 1812 quum
944 1714 1040 1792 de
1085 1721 1284 1788 statu
1321 1721 1400 1789 et
1421 1695 1677 1791 ⁸officio
1704 1714 2087 1814 Theologi
2121 1713 2265 1800 hac
2298 1721 2499 1796 ‚tem-

228 1845 521 1938 pestate
571 1834 861 1913 dixero.
968 1835 1199 1930 Quam
1271 1840 1718 1932 orationem,
1794 1845 1877 1912 ut
1945 1835 2231 1914 Rector
2281 1837 2497 1914 Aca-

229 1958 513 2036 demiae
533 1958 1010 2059 Magnificus,
1065 1960 1353 2046 Decani
1398 1964 1711 2035 maxime
1751 1958 2251 2061 Spectabiles,
2302 1959 2501 2037 Pro-

156 2077 171 2086 ’
229 2082 557 2158 sessores
623 2088 699 2158 et
767 2081 1145 2157 Doctores
1231 2083 1570 2158 omnium'
1619 2079 1950 2158 ordinum
2022 2079 2499 2184 Amplissimi,

232 2199 784 2294 commilitones
838 2204 1348 2277 Humanissimi
1407 2209 1483 2278 et
1535 2227 1784 2283 omnes
1821 2192 2010 2302 ‚Viri'
2037 2203 2267 2280 Docti
2320 2204 2498 2280 lite-

230 2350 610 2423 rarumque
696 2321 1020 2402 amante's
1102 2325 1473 2401 benevole
1545 2313 1896 2419 audiant,
1990 2326 2497 2414 humanissime
2549 2413 2554 2417 ,

234 2472 364 2525 eos
412 2445 722 2549 rogatos
773 2448 981 2534 volo,
2105 2450 2112 2457 '
